2580 4942
455 310 752 381 causan
1078 320 1120 407 p

109 519 163 589 aq.
189 496 260 566 106.
282 495 494 584 haruspices
522 497 565 563 de
586 498 683 583 lege,
706 516 796 584 quae
811 489 1031 581 ferebatur,
1052 519 1120 564 ru·

109 603 346 672 eradendum
368 607 668 692 pronuntiarunt.
691 625 723 669 ν.
746 599 893 668 Brisson.
929 600 973 670 de
1005 603 1120 670 Form.

109 733 172 799 .p.
199 712 273 777 116.
905 766 907 774 .

137 819 291 884 Primua
317 814 534 882 adscendit.
570 813 733 880 Graevius
768 826 803 876 et
832 808 888 888 alii
917 808 1122 900 ediderunt,

109 921 262 990 recendit.
308 917 377 988 Sed
396 920 501 988 verbo
522 921 709 993 escendere
727 919 840 1010 potius
859 917 954 983 locus
975 936 1040 1004 est,
1062 920 1124 985 ubi

109 1029 183 1099 titus
206 1029 245 1095 in
274 1025 418 1096 arduum
449 1028 672 1123 significatur.
712 1021 841 1095 Videte
868 1047 955 1111 quae
988 1028 1123 1096 notavi·
1219 1013 1229 1042 ’

109 1160 163 1204 nus
181 1134 226 1203 ad
253 1134 359 1203 Rutil.
384 1137 472 1224 Lup.
494 1137 521 1200 Ι.
544 1159 579 1222 p.
601 1136 653 1202 48.

140 1243 276 1324 uutar,
306 1242 329 1307 i.
355 1268 384 1310 a.
405 1244 606 1328 imaginem,
629 1241 781 1333 effigiem.
823 1241 875 1307 De
897 1238 963 1307 hac
983 1262 1066 1311 voce
1091 1262 1124 1306 v.

109 1348 253 1418 vossium
275 1346 318 1412 de
340 1347 482 1435 Analog.
503 1351 529 1415 I.
551 1349 603 1415 46.

144 1457 292 1527 Veneria
307 1457 514 1545 genetricis.
546 1452 603 1519 Sic
622 1453 739 1521 Venus
756 1452 1013 1543 appellabatur,
1034 1450 1128 1542 quod

112 1557 256 1644 leneas,
293 1559 386 1627 unde
420 1560 563 1628 Romani
579 1559 756 1655 ,originem
786 1558 989 1644 ducebant,
1019 1575 1129 1625 mater

113 1662 314 1734 credebatur.
335 1693 365 1736 v.
388 1670 543 1736 Macrob.
566 1667 703 1743 Satura.
724 1667 751 1732 Ι.
779 1688 828 1733 12.
852 1684 886 1734 et
908 1667 1066 1735 Lambin.
1083 1664 1127 1732 ad

116 1769 238 1839 Luca-et.
256 1773 282 1838 Ι.
310 1798 336 1840 1.

153 1877 207 1951 62,
244 1879 461 1948 Inclinatam
478 1883 611 1965 aciem,
633 1883 657 1949 i.
678 1907 709 1950 e.
733 1898 931 1968 vergentem
946 1881 984 1946 in
1005 1880 1130 1967 fugam.

116 1972 175 2041 Ita.
204 1977 281 2045 VII.
306 1983 357 2047 53.
389 1983 443 2047 ita
475 1984 737 2071 conflixerunt,
769 1998 812 2051 at
844 1983 1068 2072 aliquamdiu
1093 1985 1133 2049 in

119 2096 268 2149 neutram
278 2101 427 2172 partem
448 2091 663 2158 inclinarent
687 2091 795 2156 acies.
818 2089 880 2154 ubi
901 2112 933 2154 v.
955 2084 1130 2154 Drakenb.

150 2191 343 2277 Aquilifer.
388 2193 528 2278 Signum
560 2197 702 2282 legionis
739 2214 812 2263 erat
839 2193 953 2287 aquila
984 2219 1026 2263 ex
1050 2219 1133 2261 auro

118 2293 159 2363 tel
178 2313 337 2383 argento,
361 2297 474 2367 hastae
504 2303 684 2384 insistens,
716 2319 750 2368 et
771 2327 871 2391 saepe
899 2300 1029 2368 fulmen
1059 2325 1131 2367 un-

119 2405 221 2489 guibus
253 2422 400 2486 tenens,
434 2407 529 2493 quasi
556 2407 762 2497 iaculatum:
800 2434 903 2501 quam
935 2410 994 2501 qui
1019 2425 1133 2495 gesta·

119 2505 181 2591 hat,
213 2509 387 2599 aquilifer
419 2505 610 2575 dicebatur.
647 2537 679 2582 v.
712 2515 808 2606 Lips.
835 2513 879 2581 de
907 2513 1012 2582 Milit.
1031 2502 1133 2581 Rom.

157 2723 211 2796 63.
251 2725 486 2805 Constantia,
509 2720 637 2791 dicitur
657 2727 786 2794 animus
808 2728 1078 2820 imperterritus,
1100 2745 1136 2795 et

120 2813 288 2888 inmobilis
315 2825 378 2906 iis,
412 2846 498 2913 quae
528 2839 657 2892 terrere
695 2843 849 2916 possunt.
889 2829 993 2916 Calig.
1020 2855 1048 2897 1.
1079 2833 1133 2897 le·

118 2926 248 3021 ¹g’ionea,
282 2932 477 3010 incertum,
509 2936 735 3014 constantia,
772 2958 818 2998 an
833 2936 977 3020 pietate
1002 2939 1137 3025 nmiore

121 3035 337 3120 compescuit.
361 3060 393 3101 v.
418 3036 569 3103 Gronov.
593 3037 635 3102 ad
662 3028 773 3105 Tacit.
792 3038 909 3124 Agris.
928 3062 979 3129 27.

152 3139 223 3204 Per
242 3143 444 3225 unguatias.
488 3145 564 3208 Per
582 3138 758 3205 abundare
777 3139 924 3211 videtur.
1119 3226 1122 3233 Ι

152 3245 318 3311 Vectoria
344 3249 539 3330 nauicula,
569 3248 592 3314 i.
617 3273 646 3315 e.
669 3273 773 3339 parva
797 3249 892 3332 navi,
925 3274 992 3341 qua
1015 3267 1134 3318 vecto-

116 3363 161 3413 res
188 3351 297 3415 traiici
325 3352 445 3420 solent.
481 3357 670 3425 nCaesar.
694 3355 737 3424 de
759 3360 796 3424 B.
822 3350 934 3449 ·G.,V.
954 3359 985 3426 8.
1009 3373 1043 3427 et
1066 3357 1136 3441 Ca,-

115 3454 199 3521 saab.
224 3455 267 3521 ad
291 3456 325 3522 h.
348 3457 372 3524 l.
1030 3548 1032 3553 Ι
1119 3545 1123 3553 Ι

155 3554 340 3630 Rostratia
362 3569 540 3651 nucibus,
572 3569 596 3637 i.
621 3597 650 3638 e.
675 3556 828 3655 bellicis,
853 3552 996 3669 quonum
1015 3593 1140 3661 prorae

115 3670 223 3732 rostris
251 3673 356 3736 aereis
380 3673 530 3738 munitae
552 3693 660 3743 erant.
754 3756 757 3763 Ι
930 3746 935 3759 ,
1031 3747 1034 3751 .

158 3770 320 3841 Cominus
346 3777 491 3845 tendens
504 3825 514 3858 ,
527 3822 530 3827 -
544 3776 566 3842 i.
597 3803 626 3846 e.
654 3787 796 3877 propius
826 3782 1004 3877 accedens·
1023 3785 1140 3871 Quid.

115 3860 196 3955 Fut.
219 3866 262 3947 V.
290 3882 360 3948 aaa.
404 3886 530 3959 Audet
557 3876 595 3952 et
618 3887 782 3961 lairautaa
812 3896 970 3977 cominua
1001 3898 1055 3965 ire
1071 3895 1140 3986 fe·
1243 3972 1247 3979 ,

116 3989 183 4047 roa.
206 4008 238 4077 v.
259 3983 384 4054 Duker.
408 3985 450 4054 ad
472 3986 563 4060 Flos.
581 3997 623 4095 11,
649 3980 753 4086 6.-29.
877 4068 891 4081 ..
934 4066 938 4075 ,
983 4068 987 4077 ,
1084 4084 1133 4159 64
