2580 4942
185 338 253 431 an
502 325 909 399 canicuun

189 547 286 615 pua,
311 543 379 610 quo
395 517 439 585 de
461 517 520 583 die
541 515 701 605 epulatis
721 517 796 582 iam
813 513 895 580 vini
909 511 1029 580 satias
1045 526 1153 587 eeaet.
1170 510 1232 589 nbi

187 657 221 702 v.
243 633 328 698 Intt.
373 625 458 694 Tale
485 621 678 688 convivium
699 637 831 688 veteres
857 621 1108 710 tempeativnm
1133 622 1237 693 dice-

189 739 301 818 hant,
332 757 403 800 non
428 730 735 816 intempestivum,
769 747 809 795 ut
831 754 903 797 non
925 732 1028 824 pauci
1054 714 1235 824 putanunt.

190 865 224 910 v.
246 840 385 908 Salmas.
408 835 452 903 ad
478 838 618 928 Vopisc.
641 835 791 906 Florian.
818 841 850 909 6.
883 853 918 905 et
945 838 1069 911 Graev.
1091 839 1148 921 ud¹
1162 843 1238 914 cie.

190 949 236 1017 de
259 948 396 1016 Senect.
424 947 474 1016 14.
977 960 981 979 ¹

236 1054 376 1143 Infecta
399 1055 516 1137 mari,
546 1052 570 1120 i.
590 1077 625 1121 e.
654 1052 717 1119 ubi
738 1067 848 1130 aestua
871 1055 973 1123 maris
998 1053 1236 1124 vehementia-

189 1164 304 1232 timus.
955 1180 959 1187 '
1118 1162 1124 1177 ’

192 1310 200 1323 ·
240 1271 415 1341 Vertente
437 1291 554 1349 anno,
586 1268 610 1333 i.
637 1259 669 1334 ei
686 1266 819 1352 -flnito,
850 1268 1010 1355 integro,
1043 1271 1142 1338 cuine
1164 1268 1237 1338 teil.

194 1400 313 1444 cursus
341 1391 462 1440 natura
488 1375 635 1444 vertitur
659 1371 811 1457 Jeodem,
849 1376 911 1441 ubi
939 1377 1086 1469 incepit.
1120 1380 1237 1467 Nepos

191 1483 320 1571 Agesil.
340 1483 372 1550 4.
397 1484 493 1571 quod
518 1487 590 1551 iter
613 1507 706 1550 anno
727 1497 892 1552 vertente
920 1485 1140 1573 conficeret.
1158 1484 1239 1552 tlte.

189 1615 257 1690 pro
275 1592 420 1680 Quinct.
441 1611 492 1661 12.
508 1591 668 1676 petiaaea
690 1615 783 1657 anno
807 1606 971 1661 vertente
992 1593 1070 1660 aine
1092 1609 1239 1665 contro·

192 1701 323 1769 versia.
345 1696 408 1761 ubi
430 1720 460 1762 v.
482 1697 567 1763 Intt.

244 1806 305 1878 33.
350 1804 587 1870 Auctionem.
634 1801 721 1868 Boni
751 1801 931 1892 principes
963 1804 1155 1900 aliquando
1181 1836 1240 1880 re.

191 1915 275 1970 nutu
304 1926 590 1991 supervacuarum
617 1902 808 1969 auctionem
833 1902 1032 1994 faciebant,
1054 1924 1095 1976 ut
1116 1910 1239 2002 publi·

199 2036 259 2079 cac
278 2011 471 2079 necessitati
493 2025 757 2076 succurrerenta
790 2009 944 2097 Caligula
973 2037 1016 2080 ex
1046 2014 1244 2086 huiusmodi

191 2120 451 2189 nundinatione
479 2115 616 2185 lucrum
642 2117 815 2207 captabat.
835 2142 878 2219 pv.
910 2118 1000 2189 Plin.
1030 2121 1160 2213 Paneg.
1190 2129 1242 2197 50.

196 2244 232 2294 ct
253 2227 302 2290 ibi
325 2225 449 2291 Swarz.

241 2332 426 2419 Deflectit.
457 2331 557 2397 Hanc
577 2327 761 2396 lectionem
778 2332 953 2426 explicare
971 2354 1144 2407 conantur
1160 2339 1242 2413 Intt.

191 2437 298 2506 adh.
320 2439 345 2505 l.
368 2456 403 2506 et
427 2437 572 2504 Gesner.
596 2433 640 2500 ad
664 2435 973 2513 Claudian.11.in
1001 2446 1242 2542 Eutrop.191.

197 2544 269 2616 sed
289 2570 368 2614 vera
387 2545 525 2616 videtur
549 2545 659 2638 Lipsii
688 2543 733 2610 ad
760 2547 872 2616 Tacit.
897 2552 985 2618 Hist.
1007 2552 1052 2620 ΙΙ.
1076 2556 1131 2623 54.
1146 2578 1243 2627 'ccn-

188 2655 333 2722 ‚iectura
351 2653 530 2743 diffluebat.
564 2663 644 2752 Quo
661 2672 756 2742 gestu
771 2656 978 2748 exprimitur
995 2658 1135 2728 habitus
1157 2687 1243 2731 con·

200 2763 385 2829 temnentis
406 2778 440 2827 ct
460 2768 666 2855 respuentis.
694 2764 892 2852 Lipsianam
911 2763 1098 2836 lectionem
1113 2770 1243 2837 Canau-

186 2871 312 2938 -bonus
334 2871 545 2938 Graecorum
568 2872 777 2961 scriptorum
799 2871 964 2965 exemplis
984 2875 1184 2944 confirmat.

228 2981 423 3065 Manen,
454 2997 506 3047 est
535 2977 846 3059 cibus'delicatus‚
869 3004 889 3044 a
919 2980 1055 3048 Graeco
1084 2986 1244 3071 nante,

201 3086 296 3182 quod
311 3096 333 3152 'a
347 3089 500 3172 μάττειν,
521 3088 699 3174 subigere.
717 3109 747 3150 v.
762 3083 980 3152 Athenaeum
995 3088 1090 3156 XIV.
1114 3114 1153 3181 p.
1170 3096 1246 3165 663.

188 3230 195 3244 ·
247 3194 527 3282 Conficiendum.
575 3193 760 3281 Conficere
779 3215 956 3260 summam
973 3192 1163 3283 dicuntur,
1189 3200 1250 3291 qni

203 3329 245 3371 ex
269 3300 384 3368 multis
401 3299 513 3395 parvis
540 3300 677 3364 summis
696 3323 799 3364 unam
822 3321 977 3386 magnam
1000 3302 1150 3376 faciunt.
1173 3308 1248 3377 Nc·

186 3433 263 3504 ¹pos
283 3410 404 3499 Epam.
422 3409 454 3476 5.
477 3428 626 3494 eamque
647 3430 823 3473 summam
839 3432 922 3474 cum
931 3407 1096 3496 faceret.

252 3517 486 3597 consideret,
510 3530 673 3606 tanquam
690 3514 807 3584 iudex.
849 3518 936 3585 Nam
957 3516 1089 3595 iudices
1103 3522 1252 3619 proprie

202 3624 370 3690 dicuntur
385 3626 522 3690 cedere.

246 3731 513 3813 Excitabatur,
537 3729 561 3794 i.
583 3753 613 3795 e.
638 3726 811 3815 surgebat.

255 3840 464 3920 Sabiicere‚
498 3832 653 3901 absolute
681 3833 809 3905 dicitur
841 3865 908 3930 pro
934 3848 1138 3931 praeconia
1174 3854 1259 3919 voci

207 3946 389 4040 privatim,
412 3943 466 4014 vcl
485 3942 613 4012 hastae
637 3943 778 4038 publice
799 3951 988 4021 subiicere.
1013 3952 1087 4022 Tit.
1106 3956 1143 4026 8.
1167 3958 1257 4025 aab·

1190 4090 1258 4139 uec
