2580 4942
193 284 259 371 „a
537 267 950 341 cautorum

199 462 354 554 losophis
374 455 476 529 etiam
492 451 584 521 hanc
603 469 730 529 vestem
754 453 878 522 tribuit
893 454 1063 529 Iuvenalis
1080 457 1146 529 111.
1170 454 1235 531 1153

188 594 234 651 J.
254 565 413 639 Periaou.
437 556 481 627 ad
502 559 636 632 Aelian.
659 564 703 632 V.
723 562 766 629 H.
789 563 867 632 VII.
890 589 922 653 9.

246 680 369 751 Threx
399 669 528 739 dicitur
548 667 739 756 gladiator,
771 671 872 736 armis
901 670 1085 739 Thracicis
1106 671 1236 739 instru-

203 801 290 854 ctus.
312 805 344 850 ι.
366 779 457 848 Fest.
481 772 518 841 h.
541 797 573 843 v.
597 793 632 841 et
650 777 746 868 Lips.
770 776 911 843 Saturn.
933 777 978 844 ΙΙ.
996 802 1028 866 9.
1074 776 1152 843 Hoe
1171 775 1239 863 glu-

202 891 378 960 diatcrutn
394 904 500 972 genus
512 898 642 950 veteres
662 885 776 974 potius
794 885 975 970 Threces,
993 906 1100 976 quam
1120 882 1239 952 Thra·

203 1024 265 1070 ces
287 994 464 1062 dicebant.
487 1007 519 1054 v.
542 983 707 1055 Oudend.
732 985 775 1053 ad
797 988 834 1056 h.
855 989 881 1058 l.

183 1186 190 1199 ,
245 1086 519 1193 Hoplomachus
542 1109 593 1160 est
624 1092 790 1179 gladiator
818 1099 964 1183 graviori
988 1115 1163 1167 armatura
1185 1100 1238 1167 in.

203 1228 366 1287 structus.
396 1200 717 1279 v.Martial.V111.
748 1203 816 1295 Ep.
837 1205 890 1292 74.
923 1224 958 1274 et
984 1208 1081 1298 Lips.
1105 1208 1240 1279 Satura.

203 1322 250 1392 11.
276 1343 327 1388 11.

145 1458 148 1463 ·
252 1416 503 1516 comparauit.
555 1416 772 1512 Comparari
805 1419 950 1516 proptio
975 1426 1145 1495 dicuntur
1175 1425 1242 1512 gla-

187 1532 375 1617 diatores,
408 1555 487 1599 cum
511 1532 608 1622 paria
636 1531 775 1600 illorum
806 1530 1035 1620 deliguntur,
1067 1533 1141 1601 sive
1174 1556 1243 1601 cum

204 1642 446 1726 constituitur,
470 1638 645 1731 quiscum
670 1660 812 1729 quoque
833 1639 1032 1708 contendat.
1053 1663 1092 1710 v.
1114 1639 1241 1709 Ciaad

207 1750 283 1818 Div.
300 1747 346 1814 ΙΙ.
369 1746 400 1816 8.
424 1761 460 1813 et
481 1745 534 1812 ibi
550 1745 687 1814 Manat.
732 1745 830 1836 Quae
856 1746 944 1812 ratio
965 1745 1134 1813 etiamad
1162 1748 1241 1817 alio·

205 1879 287 1925 rum
322 1853 610 1948 comparationem
640 1870 782 1924 venuste
813 1852 1032 1922 transfertur.
1076 1855 1156 1924 Cic.
1189 1882 1247 1952 pto

208 1961 355 2050 Quinct.
376 1983 405 2026 1.
429 1972 471 2025 ut
485 1983 551 2048 ego
571 1984 654 2029 cum
662 1975 821 2050 patrono
838 1961 1081 2030 dicertiscimo
1101 1988 1245 2054 compa·

209 2095 282 2140 rer.
306 2068 380 2135 Liv.
396 2067 511 2135 XXX.
532 2067 586 2134 28.
633 2065 757 2154 Scipio
783 2081 820 2134 et
844 2068 1065 2156 Hannibal,
1083 2073 1189 2142 velut
1206 2074 1248 2144 cd

208 2199 419 2267 supremum
436 2187 621 2244 certamen-
640 2176 845 2264 conquerati
870 2175 991 2244 duces.

254 2285 398 2352 Panuia
425 2282 601 2364 abritum,
635 2281 659 2348 i.
690 2305 722 2348 e.
755 2278 918 2349 indutum
944 2300 1037 2355 veste
1067 2304 1251 2357 consutae

211 2389 353 2484 pannis.
396 2387 459 2454 Est
473 2386 601 2454 locutio
620 2389 831 2456 Terentiana
852 2415 893 2458 cx
914 2393 1005 2461 Eun.
1021 2395 1067 2463 ΙΙ.
1088 2417 1122 2464 2.
1142 2400 1178 2468 5.

256 2498 493 2566 Nemorensis
511 2516 593 2575 reu,
612 2491 791 2561 dicebatur
809 2497 968 2566 sacerdos
987 2502 1117 2570 Dianae
1135 2506 1177 2572 in
1195 2530 1251 2575 ne·

189 2664 194 2673 .
213 2627 310 2673 more
328 2603 474 2673 Aricino
492 2596 616 2666 cultae.
637 2656 640 2661 .
659 2601 691 2667 Is
711 2618 785 2669 erat
801 2628 917 2675 servus
935 2606 1122 2697 fugitivus,
1144 2614 1252 2706 neque

211 2712 282 2780 hoc
300 2704 530 2775 sacerdotium
547 2704 748 2792 obtinebat,
767 2713 834 2778 nisi
849 2715 1002 2801 priorem
1023 2717 1252 2805 sacerdotem,

214 2816 260 2887 ad
284 2838 436 2912 pugnam
461 2830 688 2904 provocatum
710 2817 916 2890 occidissets
953 2821 1047 2914 quod
1074 2830 1256 2917 quotannis

216 2924 294 2992 fieri
311 2920 450 2988 licebat.
472 2926 505 2987 t.
525 2922 686 2993 Strabon.
706 2929 748 2997 V.
771 2954 808 3020 p.
830 2930 905 2998 566.
930 2918 1039 2996 Ouid.
1053 2932 1145 3001 Met.
1168 2934 1259 3008 Xth

217 3034 296 3101 531.
318 3043 354 3096 et
371 3027 424 3094 ihi
443 3027 562 3100 Heius.
594 3033 676 3104 item
704 3035 850 3104 Gorium
871 3032 915 3102 ad
941 3037 1034 3109 Mus.
1064 3044 1259 3121 Guarnaoc.

216 3160 255 3228 p.
276 3140 329 3204 61.
1218 3162 1230 3223 j

171 3340 178 3350 '
261 3243 487 3314 Essedarius
512 3262 565 3314 est
588 3244 777 3338 gladiator,
810 3253 871 3345 qui
892 3273 935 3323 ex
964 3252 1087 3351 essedo
1119 3272 1261 3349 pugnat·

221 3371 253 3422 v.
277 3349 400 3421 Claud.
420 3375 472 3424 21.
495 3372 530 3423 et
554 3359 650 3448 Lips.
676 3364 948 3431 Saturn.·II.12.

263 3462 452 3551 Praeceps,
480 3467 563 3532 iret.
610 3469 688 3535 Non
715 3494 800 3562 opus
834 3488 886 3537 est
917 3473 1099 3557 corrigere·
1124 3490 1270 3559 ruerat,

220 3578 261 3632 nt
278 3566 392 3659 placet
410 3569 491 3637 viris
509 3570 665 3641 eruditis.
688 3572 813 3649 Catuli.
839 3576 952 3642 Caum.
978 3599 1029 3662 17.
1073 3578 1142 3645 Ire
1150 3604 1285 3673 praes

191 3740 196 3748 ,
224 3675 375 3758 cipitem
394 3676 431 3741 iu
447 3677 565 3746 lutum
574 3704 649 3769 per
670 3697 852 3771 caputque
863 3683 1062 3773 pedesque.
1083 3706 1120 3752 v.
1142 3684 1270 3756 Duker.

223 3775 267 3846 ad
289 3780 364 3847 Div.
379 3783 428 3882 ΙΙΙ.
450 3786 506 3856 46.
848 3860 851 3865 ,

191 3954 194 3961 ,
269 3888 522 3976 Tribunatum,
554 3916 621 3985 pro
656 3895 832 3977 tribuere,
861 3897 1086 3986 participium
1116 3920 1189 3997 pro
1214 3905 1272 3971 in·

172 4011 196 4058 ’.
223 3994 368 4072 finitiva.
392 4000 465 4069 Cic.
490 4026 555 4091 pro
580 4002 674 4074 coel.
696 4029 745 4075 ιι.
777 4006 918 4094 aliquot
949 4011 986 4075 iu
1017 4015 1168 4078 caussis
1195 4024 1275 4078 eu'm

1212 4144 1273 4186 vt·
