2580 4942
109 282 239 393 ‘QG’
460 271 861 351 cervnla&

120 474 124 483 '
181 471 219 548 8
262 466 378 548 Fere,
400 464 425 530 i.
450 489 481 533 e.
504 464 722 556 plerumque.
751 466 840 550 Aug.
864 460 919 532 45.
968 461 1180 551 Circenceet

131 595 176 673 ca
195 569 394 636 amicorum
407 565 494 655 sere
516 571 717 634 coenaculis
740 562 940 654 spectabat

122 714 129 723 ·
181 664 222 754 9
263 675 518 760 Iaqaietatao,
550 671 574 736 i.
603 694 633 735 e.
655 670 820 743 molestiis
842 668 991 741 affectui.
1023 673 1109 744 Ner.
1126 673 1182 746 54
1202 705 1205 712 ·

135 779 200 869 qai
216 776 329 842 eaml
314 770 439 838 litidao
458 771 719 859 inquietarent.

176 886 364 951 Patraam.
409 879 577 945 Patraao
606 879 791 969 proverbio
817 875 947 947 dicitur
974 900 1100 949 censor
1138 897 1181 948 a·'

116 1016 214 1082 ,oper
237 1006 271 1057 et
300 1009 457 1069 severus,
494 979 590 1073 quod
617 987 733 1072 patrui
759 986 875 1053 fratris
910 984 999 1052 filios
1029 989 1182 1056 severim

136 1096 300 1180 castigare
316 1090 447 1175 solent,
472 1114 573 1181 quam
593 1093 661 1181 ipsi
678 1111 805 1183 patres.
829 1095 904 1161 Cic.
921 1117 992 1183 pro·
1009 1093 1109 1163 Coel.
1129 1092 1181 1163 ιι.ι

74 1273 75 1276 ,
119 1206 200 1294 'qai
217 1205 257 1269 ia
271 1202 411 1289 reliqaa
430 1198 511 1264 vita
535 1200 636 1279 mitis
661 1217 778 1286 ercet,
790 1202 877 1290 fait
895 1190 932 1267 ia
953 1202 1023 1268 dac
1046 1216 1203 1271 caacca'

119 1302 321 1397 'pertristis
345 1306 494 1395 quidam
516 1318 705 1391 patruae,
739 1333 882 1390 censor,
914 1311 1108 1395 magioter'.
1146 1316 1202 1380 v(

131 1418 291 1485 Lambin.
314 1412 358 1480 ad
384 1415 503 1483 Horat.
526 1414 714 1488 111.1·2.5.
748 1433 782 1485 et
806 1417 943 1485 Erncct.
971 1415 1068 1488 Clar.
1104 1419 1181 1490 Cic·

134 1549 168 1594 v.
191 1525 348 1590 PatruuS.

175 1636 342 1719 Recepta
366 1644 442 1715 eet,
464 1633 488 1698 i.
516 1655 545 1697 e.
579 1629 724 1698 admissa
755 1652 832 1718 est,
855 1648 894 1702 ut
918 1637 1014 1728 ipsc,
1038 1636 1104 1727 qui
1129 1636 1180 1702 ri-

121 1752 312 1832 'gnaverat‚
335 1737 462 1804 falsarii
486 1739 616 1805 crimen
637 1741 783 1811 'subiret
818 1743 937 1809 Tibcr.
957 1745 1017 1810 61..
1042 1746 1182 1811 crimerr

132 1861 329 1937 receptam.
352 1868 384 1912 v.
408 1843 523 1929 Sigon.
540 1843 584 1912 de
601 1843 676 1912 Iud.
692 1846 720 1912 Ι.
742 1872 800 1916 1o.·
818 1865 852 1914 et
873 1849 1012 1918 Ernest.
1030 1849 1076 1917 ad
1097 1849 1135 1918 h.
1152 1849 1179 1921 1.

174 1960 250 2024 Pro
277 1952 431 2019 introita
454 1955 534 2019 aovi
558 1953 768 2020 sacerdotii.
823 1955 901 2022 Non
932 1955 1037 2025 modo
1062 1980 1180 2051 pecu·

130 2067 225 2134 niam
244 2058 343 2128 dedit
370 2081 437 2151 pro
460 2059 676 2136 sacerdotio,
703 2059 763 2126 sed
792 2065 896 2130 etiam
924 2062 1035 2130 aditus
1062 2087 1181 2130 caussa

130 2200 163 2245 v.
190 2199 221 2240 c.
243 2174 280 2237 in
300 2191 440 2234 coenam
465 2163 845 2257 aditialemimpendit.
891 2175 941 2240 De
965 2195 1072 2241 coena
1098 2170 1178 2240 adia

130 2282 202 2350 ciali
225 2305 256 2347 v.
281 2277 432 2343 Gronov.
456 2271 501 2337 ad·
527 2274 639 2338 Tacit.
666 2273 761 2342 Ann.
779 2276 823 2342 ss.
851 2280 905 2346 65.

175 2385 357 2456 Decidere
381 2379 532 2463 dicitur,
555 2381 616 2469 qui
645 2378 851 2450 deteriorem
872 2401 999 2452 sortem
1028 2387 1181 2481 accipit,

126 2494 224 2567 velut
245 2515 287 2558 ex
317 2487 437 2554 altiore
462 2484 541 2554 loco
565 2487 691 2578 lapsus.
722 2491 810 2560 Plin.
828 2494 890 2564 IV.
922 2492 989 2584 Ep.
1016 2516 1051 2562 r.
1081 2516 1178 2563 naa'c

129 2627 172 2670 eo
193 2596 351 2678 decidit,
378 2607 422 2660 at
438 2597 562 2663 rhetor
582 2598 625 2663 de
643 2611 787 2664 oratore
804 2598 931 2686 fieret.
956 2623 988 2668 v.
1007 2598 1179 2666 Oudend.

127 2709 174 2778 ad
194 2709 229 2775 h.
258 2705 284 2772 l.
329 2705 390 2772 Sic*
417 2703 537 2769 delabi
562 2688 621 2774 est
646 2703 883 2794 apud'Tacit.
915 2703 1011 2773 Ann.
1039 2706 1179 2779 11.-·58.

127 2813 288 2904 qaamaio
315 2810 440 2875 domae
470 2813 667 2879 Hortensii
690 2811 904 2898 pudendam
935 2811 987 2877 ad
1011 2797 1178 2902 inoptata

128 2921 366 2988 delaberetur.
390 2916 455 2982 ubi·
476 2943 507 2985 v.
530 2921 668 2988 Ernest.

54 3074 56 3078 -
155 3012 303 3096 'Fidem
334 3025 504 3114 liberare,
527 3025 549 3092 i.
575 3051 605 3093 e.
641 3015 798 3092 debitum
822 3025 965 3115 solvere.
999 3025 1074 3093 Cic.
1108 3052 1177 3122 pro

126 3133 241 3202 Flacc.
266 3154 317 3199 ro.
349 3135 425 3216 ipre
456 3133 580 3220 Fufiis
619 3129 832 3217 satisfacit,
867 3147 905 3199 et
926 3131 1048 3220 fidem
1069 3160 1177 3214 raam

126 3244 270 3310 diderat.
293 3263 324 3304 v.
349 3240 501 3306 Gronov
522 3239 565 3305 ad
580 3241 708 3310 ·Senec.
728 3237 771 3307 de
790 3239 909 3307 Benef.
931 3242 1067 3312 1V.55.
1159 3284 1163 3289 ·

171 3350 217 3418 Ia
240 3370 416 3426 vacuam,
443 3346 479 3410 i.
499 3371 529 3412 e.
561 3348 752 3428 incassum,
789 3347 937 3435 frustra,
964 3352 1105 3420 nemine
1137 3377 1174 3423 sc

125 3471 292 3523 emtorem
292 3447 509 3542 profitente.
539 3477 569 3521 v.
588 3456 671 3522 In-.tt
692 3453 786 3520 adh.
809 3454 834 3521 l.

167 3565 265 3649 Lege
284 3561 561 3648 praediatoria,
587 3563 610 3627 i.
634 3586 664 3628 c.
696 3560 774 3649 iege
795 3560 838 3627 de
862 3489 1015 3656 praediis
1041 3568 1173 3637 aerario

126 3671 304 3755 obligatis,
328 3686 365 3734 ut
392 3665 423 3732 ei
444 3682 632 3735 caveretur.
662 3689 693 3736 v.
714 3670 797 3736 Iutt.
819 3667 864 3734 ad
889 3670 928 3736 h.
945 3671 973 3740 1.

170 3775 319 3846 Venalis
340 3775 500 3860 pendere
531 3775 696 3861 dicitur,
739 3776 833 3841 cuius
863 3778 955 3843 bona
980 3780 1019 3846 in
1045 3778 1169 3848 tabella

124 3881 317 3980 proscripta
345 3879 483 3968 publice
504 3879 678 3977 pendent.
723 3884 785 3956 sie
801 3888 1052 3975 pignoratur,
1076 3888 1166 3954 errius

1099 3994 1163 4061 bc·
