2580 4942
393 271 767 346 TlBERlUS.
1039 271 1100 341 255

81 470 155 541 ·In
181 463 359 538 decimum
388 463 495 532 diem.
540 459 627 527 Cum
654 453 825 526 Suetonio.
842 451 1005 524 convenit
1029 451 1108 522 T...

64 580 123 646 eit.
141 575 235 642 Anu.
253 571 314 638 ΙΙΙ.
339 573 391 640 51.
415 568 478 634 ubi
501 589 534 637 v.
550 566 633 632 Intt.
680 561 750 630 Sed
771 559 828 628 alii
838 559 1031 650 scriptores
1047 555 1109 624 di-

64 698 150 749 cunt
162 730 172 766 ,
185 681 334 772 spatium
352 674 513 766 temporis
526 673 621 738 inter
640 668 962 738 condemnationem
972 681 1008 732 et
1021 687 1110 755 sup-

62 785 213 878 plicium
231 785 372 871 triginta
390 777 463 844 dies
482 779 605 848 fuisse:
625 805 711 871 quae
728 774 901 870 quomodo
916 772 1111 843 concilians

64 886 114 955 da
136 891 227 972 sint,
251 888 354 955 docet
375 886 578 956 Sirmondus
597 888 640 954 ad
657 886 777 956 Sidon.
797 884 915 977 Apoll.
932 887 961 952 Ι.
980 909 1013 974 7.

112 995 367 1084 Interpellori,
398 995 422 1065 i.
446 1018 478 1066 e.
509 995 709 1086 implorari,
742 993 912 1088 appellari
936 991 981 1060 ad
1012 1011 1115 1082 opem

68 1101 263 1179 serendam.
285 1127 317 1171 v.
340 1103 490 1170 Brisson.
514 1103 562 1177 de
579 1108 623 1175 V.
647 1105 681 1172 S.

113 1210 296 1294 Moveris
286 1233 310 1276 1.
326 1232 357 1275 e.
376 1210 557 1278 transferri
568 1202 836 1300 ,transportari
854 1206 940 1300 Sup.
955 1206 1008 1276 64.
1031 1207 1116 1275 Ne·
1200 1275 1212 1290 ,

62 1329 194 1404 potes,
218 1317 345 1384 obsuto
368 1320 523 1406 lectica,
547 1324 620 1388 loeo
641 1319 760 1389 movit.
836 1372 840 1378 .

69 1491 73 1503 ,
115 1424 277 1490 Atellam
299 1424 429 1492 deferri
455 1427 635 1506 volebant,
664 1420 759 1515 quod
786 1442 956 1510 nusquam
971 1417 1118 1508 propius

71 1547 164 1601 esset
186 1531 384 1617 theatrum,
418 1533 499 1618 ubi,
533 1551 718 1624 tanquam
726 1529 926 1612 damnatus,
962 1527 1118 1593 comburi

72 1652 204 1727 posset·
226 1661 256 1706 v.
277 1641 361 1709 Intt.
385 1637 482 1708 adh.
504 1639 528 1707 l.
631 1685 633 1691 -

125 1741 186 1818 76
231 1747 371 1816 Eodem
391 1749 623 1837 exemplo‚.
598 1747 623 1814 i.
651 1770 681 1814 e.
704 1742 824 1813 eadem
853 1742 1077 1826 sormula,“
1052 1768 1117 1810 us-

75 1838 161 1910 dem
185 1847 309 1915 verbis.
334 1873 365 1918 v.
387 1846 493 1934 Calig.
514 1850 565 1917 55.
589 1848 776 1914 etEruest.
795 1843 890 1914 Clav.
910 1845 981 1911 Cio.
998 1867 1028 1915 v.
1045 1844 1119 1911 Ex-

79 1973 136 2016 em
165 1951 246 2020 lum.

10 2122 12 2127 .
72 1977 374 2150 ..lilerie'qttffii
397 2089 426 2134 e.
450 2061 578 2133 multis.
608 2061 722 2162 Nepos
739 2059 851 2153 praes.
895 2061 981 2132 Non
998 2057 1123 2128 dubita

22 2196 33 2211 ·
64 2167 158 2256 sore
169 2172 374 2261 plerosque

405 2684 806 2755 CALIGULA.

82 2940 121 3014 Ι.
244 2974 285 3017 er
305 2951 425 3038 l,eges
458 2953 531 3022 soil.
555 2950 705 3024 annales.
751 2953 937 3042 Legitimos
962 2971 1126 3045 quaestu-

31 3150 34 3155 ι
78 3081 142 3124 rae
165 3080 293 3139 annus,
315 3056 425 3128 llbera
439 3089 514 3155 rep
540 3082 613 3132 erat
640 3065 785 3133 XXVII.
809 3085 861 3128 ex
873 3060 1036 3148 Augusti
1039 3084 1128 3129 cou-

82 3164 264 3231 stitutione
286 3165 397 3236 XXV.
430 3193 460 3234 v.
483 3170 584 3235 Dion.
610 3171 701 3238 Cass.
726 3171 799 3236 LII.
821 3194 858 3260 p.
881 3169 956 3257 477.
979 3186 1014 3236 et
1035 3171 1130 3267 Lips.

81 3270 131 3336 ad
157 3272 269 3337 Tacit.
300 3271 393 3337 Ann.
419 3274 480 3341 III.
506 3295 557 3362 29.
582 3275 666 3342 Exc.
690 3277 731 3342 D.
777 3276 1001 3343 Germanicus
1026 3276 1132 3362 igitur

70 3396 307 3468 quaesturam
325 3380 428 3463 gessit
447 3405 538 3448 anno
560 3381 676 3455 aetatis
695 3379 785 3465 XX,
808 3397 848 3448 ut
871 3407 912 3451 ex
931 3383 1001 3449 eius
1023 3397 1132 3450 aetate
1142 3408 1162 3449 A

71 3484 299 3552 demonstrat
320 3483 484 3552 Oudend.
508 3485 609 3556 adh.
633 3488 657 3555 l.

132 3592 292 3674 Statim,
316 3591 372 3659 hie
395 3592 599 3660 sumendum
619 3611 670 3661 est
695 3592 848 3685 ordinis,
870 3619 942 3663 non
968 3598 1150 3689 temporis¹

82 3699 234 3770 ratione.
279 3701 365 3765 Nam
386 3699 498 3766 statim
527 3699 646 3766 consul
663 3698 774 3768 faetus
798 3711 872 3788 est,
894 3701 1067 3774 aedilitate
1095 3723 1133 3775 et

82 3819 251 3908 praetura
272 3808 520 3895 praetermissa.
545 3832 580 3876 v.
603 3809 686 3874 Intt.
708 3805 810 3873 adh.-
832 3809 861 3880 l.

72 3909 466 4000 *componendam
456 3939 479 3982 t
485 3934 524 3982 e.
536 3910 744 4006 pacandum.
758 3937 791 3982 v.
801 3931 917 3985 notata
933 3919 977 3986 ad
991 3920 1086 3991 Caes
1100 3912 1132 3991 4.

132 4018 372 4109 Expulsus,
362 4044 383 4094 t.
406 4045 434 4089 e.
460 4040 635 4105 extrusus,
660 4035 698 4089 ut
721 4021 842 4093 Cicero
862 4023 1028 4119 loquitur.
1055 4030 1130 4095 Ta-
