2580 4942
194 314 264 415 ‚p
516 312 931 395 antioona

245 505 351 574 Inter
368 525 405 570 ae
419 504 665 588 committere,
687 505 711 575 i.
729 528 759 573 e.
783 507 878 573 inter
896 520 954 572 eos
972 499 1153 569 concitare
1170 498 1247 597 pria·

200 630 294 685 votas
316 607 518 681 discordias.
771 612 775 619 ⁴

222 721 424 799 ,Palatinis
446 721 563 803 ludia,
596 721 621 787 i.
649 745 680 788 e.
711 724 772 814 qni
804 724 844 788 in
874 715 1005 787 Palatio
1033 717 1248 804 agebantur,

201 829 351 899 instituti
371 853 389 891 a
409 828 505 894 Livia
525 824 563 888 in
582 823 751 892 honorem
770 829 927 916 Augusti,
950 851 983 896 v.
1005 824 1149 915 Ioseph.
1163 825 1247 915 Anti

200 936 281 1007 lud.
301 935 399 1002 XIX.
421 958 450 1002 1.
475 948 510 999 et
526 932 670 999 Casanh.
694 931 738 998 ad
760 934 797 1002 h.
820 935 844 1003 l.

211 1092 214 1097 .
248 1044 408 1123 Mollem,
431 1041 455 1106 i.
473 1063 504 1107 a.
524 1037 752 1131 impudicum.
769 1043 883 1112 Tacit.
899 1043 994 1113 Ann.
1010 1045 1075 1113 XI.
1088 1064 1121 1112 a.
1139 1058 1249 1132 poeti

206 1171 346 1218 remum
354 1148 542 1215 mollitiam
561 1148 723 1234 corporis
740 1148 953 1221 oblectante.
974 1152 1038 1219 uhi
1059 1176 1093 1220 v.
1114 1151 1250 1225 Ernesti

253 1254 408 1340 Signum
421 1256 589 1340 petenti,
610 1254 635 1321 i.
664 1278 694 1321 e.
718 1271 880 1323 tesseram
909 1255 1104 1331 militarem.
1131 1252 1251 1328 'Sola

206 1360 292 1425 hant
312 1381 395 1424 vero
421 1359 630 1452 plerumque
653 1360 736 1443 dare
763 1363 894 1447 Deum,
917 1357 976 1428 ant
995 1364 1151 1435 heroem.
1183 1369 1251 1437 Va·

205 1467 269 1537 lor.
292 1469 385 1536 Max.
407 1469 436 1534 I.
460 1472 491 1538 5.
515 1495 547 1558 7.
576 1471 709 1559 Apollo
730 1469 961 1559 Philippensi
986 1476 1085 1558 eicie,
1106 1498 1133 1540 a
1162 1474 1250 1542 Coe⁴

207 1599 291 1645 aare
319 1589 358 1642 et
386 1577 550 1645 Antonio
584 1581 688 1668 riguo
718 1577 842 1646 datur.
874 1598 907 1649 v.
938 1576 1032 1667 Lipa.
1067 1574 1119 1669 ad·
1147 1580 1252 1651 Tacit

207 1685 303 1754 Ann.¹
321 1686 418 1758 xlll.
443 1704 473 1753 2.
496 1687 580 1757 Ena.
603 1688 647 1757 A.

258 1792 317 1869 57.
377 1796 566 1869 Fortunae
598 1794 833 1862 Antiatinae.
891 1792 1001 1859 Erant
1036 1796 1197 1881 gaminae
1227 1808 1256 1863 a

210 1916 374 1978 sorores,
413 1892 458 1961 de
487 1896 613 1984 quihus
644 1896 758 1961 omnia
789 1890 880 1957 dixit
911 1892 1070 1985 Philipp.
1097 1923 1118 1964 a
1151 1897 1257 1967 Turro

213 2000 371 2069 Monam.
393 1999 515 2066 veteris
538 2001 637 2067 Antii
660 2025 736 2089 oap.
758 2002 787 2068 Ι.

201 2126 203 2134 ·
257 2110 401 2184 Actor,
432 2131 498 2198 per
523 2107 745 2172 eminentiam
767 2104 916 2192 dicitur,
948 2110 1015 2200 qui
1039 2110 1112 2197 agit
1135 2112 1284 2199 primae·

212 2236 327 2310 partes
343 2219 381 2284 in
400 2240 513 2283 scena.
553 2216 698 2281 Primae
711 2225 844 2301 portet
863 2217 1067 2283 tribuuntur
1088 2216 1161 2287 illis
1179 2242 1255 2310 per·

208 2329 328 2409 sonis,
352 2349 440 2416 quae
460 2323 611 2413 plurima
631 2335 793 2409 agerent,
816 2337 852 2387 et
876 2344 978 2413 saepe
1006 2344 1255 2395 reverterentur

210 2436 255 2501 in
277 2456 435 2517 scenam3
460 2433 640 2500 secundae
657 2433 883 2517 tertiaeque,
907 2453 995 2523 qnae
1010 2434 1142 2513 minus.
1174 2438 1256 2528 Quo

209 2559 331 2611 autem
348 2541 495 2634 quisque
515 2538 631 2631 parter
652 2539 791 2625 agehat,
813 2535 898 2604 inde
919 2538 1186 2631 appellabatur:
1209 2544 1256 2613 ille

210 2651 446 2739 primarum,
475 2644 536 2715 ille
558 2649 818 2727 necandorum,
850 2642 911 2710 ille
933 2647 1158 2733 tertiarum,
1180 2649 1255 2715 sula

217 2756 395 2826 intellecta
416 2778 498 2824 voca
514 2756 695 2843 partium.
720 2752 795 2817 Cic.
818 2754 925 2817 Bruto
945 2753 1000 2842 69.
1019 2751 1110 2839 fuit
1136 2757 1256 2829 Ceam

222 2868 331 2958 quari
347 2865 598 2934 secundarum.
644 2859 743 2929 Hanc
765 2862 931 2927 rationem
951 2861 1087 2946 egregie
1111 2861 1255 2937 illustre.

220 2977 293 3058 rit,
316 2971 551 3064 exemplisque
570 2966 786 3040 confirmavit
805 2969 959 3036 Gronov.
977 2970 1064 3041 Ohs.
1086 2971 1126 3043 in
1141 2969 1255 3067 Script.

216 3082 315 3156 Eccl.
340 3085 392 3152 25.

261 3185 480 3278 Proiipiena
507 3211 545 3253 re
563 3189 685 3254 ruina.
729 3186 842 3252 Loeus
867 3199 1062 3275 corruptus.

269 3297 350 3372 58..
382 3297 522 3378 Quasi,
545 3294 569 3362 i.
588 3318 618 3358 e.
642 3291 734 3376 fere,
756 3292 906 3365 circiter.
932 3295 1078 3365 Terent.
1095 3290 1254 3363 Heautt
1277 3299 1278 3302 ’

219 3420 252 3467 1.
280 3399 335 3487 93.
372 3396 479 3485 quari
502 3396 641 3460 talenta
671 3394 722 3457 ad
749 3395 954 3482 quindecim
979 3396 1096 3482 coegi.
1132 3394 1257 3465 Sallust

219 3504 292 3590 Iug.
316 3505 369 3573 50.
385 3503 577 3590 praesidio
596 3501 707 3589 quari
720 3499 832 3567 duum
854 3502 1007 3567 millium
1028 3519 1190 3575 montem
1205 3516 1256 3571 ao·

207 3624 344 3697 fcupat.
367 3609 511 3677 v.-Intt.
534 3604 578 3673 ad
601 3604 914 3675 Liv.X}·1V11.12.
958 3605 1018 3675 Sic
1040 3609 1175 3682 Graaoi
1200 3610 1258 3685 tal

219 3715 343 3781 dicunt
365 3719 402 3780 in
431 3739 574 3780 numero
598 3711 650 3780 vel
671 3713 781 3810 spatio
800 3713 1048 3785 contrahendo.

205 3884 208 3889 .
263 3824 477 3905 Marcente,
499 3822 522 3889 i.
538 3846 567 3888 e.
585 3819 837 3907 languescente.
859 3824 1150 3896 Liv.XX111.45.
1169 3850 1263 3895 nutr-

217 3944 338 3999 centes
360 3934 525 4010 luxuria,
550 3933 654 4011 vina,
678 3944 715 3994 et
745 3933 886 3996 ecortia.
931 3930 1056 4004 Videte
1081 3958 1174 4024 qnae
1201 3958 1261 4005 na·

205 4036 359 4109 aritinus
381 4035 424 4101 ad
446 4035 552 4104 Rutil.
577 4032 666 4129 Lu'p.
684 4036 729 4105 ΙΙ.
761 4061 797 4125 p.
822 4062 891 4106 101.

1094 4222 1099 4228 ‚
1171 4148 1262 4236 Cry-
