2580 4942
192 302 260 372 511
512 285 911 364 CLAUDIUS.

240 486 281 554 A
297 505 392 570 pace
416 477 534 562 civili,
557 472 695 544 devicto
718 474 873 543 Antonio
895 468 939 538 ad
960 472 1114 543 Actium.

194 620 220 659 .·
239 594 392 660 Literas
422 601 509 654 tres.
568 582 710 651 Scilicet
745 583 918 667 Digamma
942 580 1155 660 Aeolicum,
1191 578 1245 651 vel

192 703 369 770 inversum
387 697 435 778 F,
458 710 493 760 et
519 691 719 776 antisigma,
743 685 839 777 quod
870 686 975 753 habet
999 685 1148 772 figuram
1171 687 1245 752 La-

198 811 264 877 tini
290 810 346 891 X,
374 821 408 873 et
432 803 500 870 vim
526 799 652 866 Graeci
680 811 713 870 Ξ.
736 819 768 862 v.
794 791 906 861 Tacit.
926 793 1022 862 Anu.
1046 795 1111 863 XI.
1138 796 1189 865 14·
1212 812 1247 864 et

195 916 247 984 ibi
272 917 368 1003 Lips.
414 909 569 978 Tertiam
592 904 726 971 literam
745 902 799 973 Cl.
818 900 987 993 Taylorus
1012 898 1057 967 ad
1086 903 1245 972 Marmor

138 1075 143 1083 .
198 1019 360 1089 Sandvic.
394 1042 431 1108 p.
451 1017 503 1084 48.
527 1030 627 1104 putat
654 1035 727 1078 esse
765 1009 842 1074 Tau
864 1006 1046 1100 obliquum
1066 1030 1127 1097 μ,
1150 1011 1246 1105 quod
1287 1040 1289 1081 :

197 1128 367 1217 exprimat
387 1121 536 1190 mediam
559 1117 794 1209 potestateml
819 1133 855 1182 et
872 1118 916 1187 V.

249 1235 311 1300 Ao
339 1233 495 1298 diurnis.
548 1231 640 1298 Bene
676 1223 742 1293 viri
775 1220 870 1292 docti
904 1227 1116 1317 corrigunt,
1150 1235 1248 1303 actia

197 1343 354 1410 diurnis.
376 1364 408 1407 v.
438 1339 532 1404 Caes.
560 1356 613 1402 20.

193 1494 200 1507 ·
246 1442 307 1516 42.
356 1444 446 1511 Cum
472 1456 625 1532 utroque
659 1464 820 1510 sermone
843 1439 897 1506 sia
919 1456 1117 1529 paratus,
1153 1447 1179 1515 i.
1214 1464 1248 1518 e:

200 1568 281 1611 oum
303 1561 453 1637 utroque
480 1566 637 1609 sermone
666 1559 810 1632 pompte
833 1541 950 1609 uteris.
995 1543 1140 1612 Gratius
1170 1548 1245 1639 cy-

196 1676 274 1738 neg.
300 1655 373 1721 158.
409 1655 544 1720 Persea
565 1654 603 1717 iu
625 1664 777 1739 utroque
793 1662 967 1737 paratur.
988 1649 1051 1715 uhi
1071 1673 1106 1720 v..
1126 1652 1246 1726 Burni.

196 1760 395 1828 Nonnullae
432 1757 524 1827 Edd.
555 1757 689 1823 habent
717 1757 894 1844 peritus,
929 1754 1023 1848 quod
1056 1755 1247 1853 aliquando

200 1890 281 1933 cum
308 1884 403 1933 serto
429 1893 508 1936 casu
538 1869 693 1936 struitur.
725 1860 847 1930 Paulus
879 1863 922 1928 L.
955 1887 1004 1952 19.
1034 1867 1077 1936 D.
1111 1869 1159 1938 de
1184 1873 1245 1938 in-

196 1992 329 2041 structo
354 1976 408 2042 vel
435 1976 535 2042 instr.
556 1975 622 2062 leg.
645 1998 785 2042 cervum
803 1971 1045 2059 artefabriea
1063 1982 1246 2065 peritum.

195 2083 344 2171 Eutrop.
365 2083 462 2150 VIII.
485 2106 536 2171 17.
567 2083 648 2150 iure
663 2082 928 2169 peritissimus.
958 2105 992 2151 v.
1020 2083 1180 2157 Gronov.
1203 2087 1247 2157 etl

198 2187 290 2257 Gell.
308 2189 370 2260 IV·
394 2189 428 2259 8·
743 2264 747 2272 ,

200 2350 204 2361 .
240 2296 443 2365 Excubitor
464 2296 653 2383 tribunus,
678 2313 729 2365 est
754 2296 815 2389 qui
837 2312 975 2387 praeest
991 2300 1149 2369 excubiis
1168 2320 1248 2375 unte

197 2400 373 2493 palatium.
397 2425 432 2469 v.
456 2404 539 2469 Ner.
564 2405 596 2472 8.
619 2420 654 2470 et
679 2406 844 2473 Torrent.
865 2403 909 2471 ad
929 2405 965 2471 h.
987 2403 1013 2472 l.
1228 2494 1232 2499 ⁵

201 2556 208 2568 .
254 2508 424 2573 Murcum
448 2507 502 2576 vel
537 2511 702 2578 Mucium
735 2510 966 2580 Alexandriae
1000 2511 1246 2604 appellabatur

198 2611 381 2701 collegium
401 2613 585 2684 doctorum
603 2617 773 2698 virorum,
797 2616 858 2707 qui
886 2615 1030 2707 publico
1056 2640 1176 2693 sumtu
1200 2626 1248 2693 ibi

197 2720 399 2805 alebantur,
422 2742 461 2790 ut
487 2724 666 2791 literarum
684 2722 807 2790 studiis
830 2740 1003 2792 vacarent.
1025 2747 1058 2794 v.
1081 2727 1247 2804 Straben.

197 2831 312 2902 XVII.
336 2855 372 2920 p.
396 2833 470 2922 794.
516 2830 556 2898 Id
576 2833 725 2899 instituit
743 2829 953 2899 Ptolemaeus
977 2831 1248 2931 Philadelphus,

137 2929 141 2937 ¹
198 2955 240 3004 ut
268 2939 471 3005 Casaubouo
497 2937 637 3032 placet,
670 2937 732 3004 sed
768 2938 981 3008 Ptolemaeus
1002 2941 1164 3033 primus,
1193 2948 1248 3017 vel

150 3087 156 3095 ·
197 3045 324 3131 Soter,
354 3065 393 3114 ut
418 3045 521 3117 docet
550 3046 707 3126 Perizon.
732 3045 776 3111 ad
804 3044 938 3114 Aelian.
967 3048 1085 3117 ΙἎΗ.
1107 3051 1173 3119 ΠΙ.
1195 3078 1246 3143 17.

197 3151 358 3221 Alterum
376 3176 530 3218 museum
547 3149 685 3217 addidit
706 3151 890 3236 Claudius,
913 3153 1007 3243 quod
1024 3180 1067 3223 ex
1082 3159 1159 3227 eius
1175 3184 1245 3230 no·

82 3316 85 3321 .
198 3259 294 3329 mine
317 3256 502 3325 Claudium
522 3275 689 3327 vocatum.
712 3284 744 3329 r.
768 3259 986 3329 Athenaeum
1003 3263 1064 3333 VI.
1087 3288 1121 3353 9.

246 3363 309 3442 43,
356 3368 431 3434 Sub
453 3364 572 3447 exitu,
596 3368 619 3432 i.
636 3393 666 3435 e.
691 3370 784 3434 circa
801 3370 941 3436 exilum.
964 3369 1038 3439 Liv.
1060 3370 1176 3443 XLV.
1194 3398 1247 3445 ιο.

197 3465 264 3531 cub
292 3467 449 3534 adventu
468 3468 727 3536 Romanorum.
750 3471 832 3536 Ner.
851 3473 884 3539 5.
916 3471 982 3538 rub
999 3489 1150 3541 excessu
1175 3475 1245 3542 Ti-

196 3570 298 3637 berii.
322 3596 353 3639 v.
372 3570 500 3641 Duker.
519 3572 564 3640 ad
586 3574 679 3642 Flor.
697 3579 741 3643 Il.
761 3603 791 3665 9.
815 3600 852 3665 p.
872 3579 946 3645 361.

240 3681 485 3763 Prosecutus,
508 3680 532 3746 i.
551 3705 581 3746 e.
605 3681 736 3754 affatus.
759 3681 908 3750 Phaedr.
928 3680 989 3749 Ill.
1012 3685 1044 3753 5.
1066 3685 1100 3755 4.
1124 3713 1246 3759 aecem

196 3784 326 3855 deinde
347 3790 403 3852 illi
421 3790 545 3873 dedit,
572 3791 634 3855 Sic
651 3806 883 3877 prosecutus.

242 3892 405 3977 Impubi‚
427 3918 494 3984 pro
507 3894 695 3986 impuberi.
718 3898 793 3970 Liv.
805 3898 850 3965 ΙΙ.
870 3901 920 3969 15.
944 3901 1095 3993 elegiace
1115 3908 1241 3999 impu·

195 3997 265 4071 bes
279 3998 427 4069 dicitur.
452 4004 510 4070 uhi
530 4027 560 4072 v.
581 4004 664 4072 lntt·

1017 4158 1020 4163 ·
1101 4124 1238 4221 „Quan-
