2580 4942
320 326 343 397 Ι
491 382 496 391 .
687 320 988 393 CAESAR.

322 492 527 597 longissime
545 528 715 573 amovere.
739 531 771 575 v.
796 508 933 575 Petron.
949 508 1002 575 58.
1026 519 1061 572 et
1080 502 1131 572 ibi
1152 505 1236 574 lntt.
1257 507 1288 577 C

323 632 375 681 tra
395 614 455 705 qui
477 614 514 678 iu
535 628 720 706 conspeetu
740 633 797 681 aut
816 618 1035 703 inpromptu
1058 624 1158 695 subt,
1181 616 1290 679 inm.

322 748 398 789 esse
427 719 602 787 dicuntur.
642 725 785 786 Terent.
819 719 973 808 Adelph.
1000 718 1063 786 ΙΙΙ.
1094 721 1125 787 4.
1155 726 1207 791 32.
1239 747 1275 787 m

320 830 478 915 virginio
501 830 538 893 iu
558 827 672 891 medio
695 840 760 893 est.
786 826 859 893 Cic.
881 829 983 896 Verr.
1007 826 1052 891 II.
1075 826 1129 894 42.
1153 827 1290 894 tabula

324 934 438 1001 medio
462 947 556 999 sunt.
616 925 622 935 ’

367 1041 407 1107 A
407 1053 613 1131 ggraoante
631 1060 697 1128 pro
715 1054 911 1121 aggravaw.
928 1039 1017 1102 utin
1032 1039 1118 1123 Aug.
1136 1040 1189 1127 98.
1212 1064 1278 1127 og·

322 1162 412 1214 vara
437 1146 658 1211 valetudine.
703 1142 810 1231 Saepe
834 1143 941 1208 activa
969 1145 1073 1208 verba
1103 1146 1287 1229 significati

320 1254 454 1343 passiva
473 1250 663 1334 dicuntur,
687 1269 848 1340 tanquam
858 1252 1130 1337 praecipitere,
1154 1253 1289 1317 inclina

324 1376 487 1441 inritare,
509 1372 663 1426 vertere.
687 1382 719 1423 v.
738 1357 832 1422 Serv.
850 1353 893 1419 ad
916 1356 1003 1421 Aen.
1024 1357 1051 1421 I.
1077 1358 1148 1424 104.
1173 1360 1279 1425 Heins

321 1461 426 1535 ovid.
449 1467 515 1554 Ep.
538 1466 599 1530 ΠΙ.
623 1468 675 1554 89.
699 1480 733 1530 et
752 1461 927 1528 Drakenb.
955 1457 997 1523 ad
1025 1460 1098 1527 Liv.
1122 1466 1149 1530 Ι.
1182 1482 1242 1551 17..
1288 1473 1290 1521 Ι

321 1579 461 1647 sueton.
483 1571 547 1639 inf.
567 1576 618 1659 76.
663 1572 923 1654 Praegraoant
944 1580 1063 1632 tamen
1082 1583 1202 1636 cetere
1218 1568 1268 1658 fir

322 1698 388 1777 pro
409 1690 705 1772 praegraveseuut.

365 1784 668 1877 Inquisitoribue,
687 1784 713 1848 i.
734 1802 766 1851 e.
788 1779 979 1864 militibus,
1004 1806 1089 1874 quos
1104 1782 1198 1849 Sulla
1215 1785 1290 1850 mis

323 1896 366 1965 ed
388 1887 659 1978 investigandos,
683 1890 742 1977 qui
764 1884 995 1954 Marianarum
1019 1891 1168 1977 partium
1191 1913 1290 1955 eren

321 2545 416 2600 uota.
438 2532 512 2597 Liv.
531 2529 694 2597 XXXVI.
717 2531 767 2597 55.
792 2550 877 2616 quos
897 2553 965 2594 non
989 2532 1129 2595 sincera
1145 2527 1228 2616 fide
1251 2533 1289 2595 in

322 2642 463 2707 micitia
476 2639 602 2726 freiero
624 2638 715 2701 ratis
736 2633 934 2700 constabat.
959 2633 1020 2696 ubi
1041 2657 1072 2699 v.
1097 2634 1249 2699 Gronov.

325 2747 355 2810 ei
380 2746 472 2810 sutis
504 2741 712 2806 intendendi
742 2758 777 2806 et
806 2738 953 2825 augendi
983 2741 1051 2806 vim
1084 2741 1219 2822 inesse,
1253 2739 1290 2805 d.

324 2848 513 2916 Broulhus.
538 2846 580 2912 ad
605 2848 736 2915 Tibull.
760 2851 787 2915 Ι.
806 2870 837 2936 7.
862 2851 913 2917 55.

370 2955 608 3021 Ornatissimi
632 2962 717 3024 viri.
761 2956 950 3046 Epitheton
979 2958 1231 3023 ornatissimus
1253 2978 1288 3019 sa

322 3060 489 3125 tribuitur
511 3059 572 3141 iis,
607 3064 666 3150 qui
696 3061 845 3152 praediti
867 3079 947 3126 sunt
977 3062 1103 3143 rebus,
1129 3086 1215 3152 quae
1244 3086 1284 3129 or

323 3182 477 3233 mentum
499 3164 658 3256 aliquod,
678 3170 700 3237 i.
714 3194 744 3239 e.
759 3167 862 3234 decus
877 3184 911 3233 et
933 3169 1073 3252 gloriam
1095 3169 1247 3255 pariunt.
1287 3177 1290 3189 ¹

319 3274 543 3366 peculiariter
574 3277 696 3340 ornati
730 3289 765 3338 et
798 3278 1023 3342 ornatissimi
1051 3274 1129 3341 viri
1162 3263 1285 3340 dieunt

321 3385 382 3477 qui
401 3384 539 3449 summis
565 3382 753 3449 honoribus
776 3382 954 3472 perfuncti
980 3398 1071 3447 sunt.
1114 3380 1258 3446 Nostrae

321 3490 398 3554 tatis
427 3480 636 3554 consuetudo
661 3485 748 3552 male
779 3485 1026 3555 ornatissimos
1053 3504 1088 3552 et
1108 3487 1286 3555 honorati.

319 3620 395 3663 moe
417 3612 536 3678 vocet,
566 3614 651 3683 quos
676 3588 831 3654 indicare
853 3592 926 3660 vult
955 3614 1031 3658 ase
1055 3594 1168 3677 magni
1195 3594 1273 3661 fieri

313 3703 448 3771 'Duker
472 3702 516 3768 ad
537 3701 629 3767 Flor.
650 3697 678 3762 Ι.
699 3720 732 3783 7.
754 3722 791 3788 Ρ.
811 3701 862 3767 65.
886 3716 920 3765 et
942 3700 1079 3765 Ernest.
1102 3698 1145 3765 od
1167 3700 1204 3767 h.
1226 3700 1252 3769 l.

314 3840 318 3847 ·
362 3809 582 3897 Expugnori
606 3800 797 3886 dicuntur,
822 3804 884 3894 qui
906 3802 1049 3871 assiduis
1073 3806 1237 3895 precibus
1271 3841 1273 3846 ·

317 3927 460 3994 rantur,
481 3908 675 4001 placantur.
692 3908 821 3977 Tibur.
844 3930 897 3979 rr.
920 3928 1165 4001 expugnatum
1175 3918 1285 4003 pree·

318 4020 441 4090 uxorio
460 4018 689 4107 adoptionem
708 4040 778 4087 non
799 4016 979 4088 abnuirre.
996 4042 1029 4089 v.
1047 4020 1189 4092 Cesbub.
1204 4022 1263 4091 ud·
1281 4059 1285 4082 ι
