2580 4942
210 300 281 378 aa
543 298 941 374 CLAUDIUS.

230 554 233 561 .
265 489 495 571 Venerione,
527 489 600 556 scil.
630 512 649 554 a
678 484 896 570 iudicando,
931 506 1036 576 quam
1066 484 1129 554 lex
1161 482 1257 579 Papir'

216 597 376 692 Poppaea
399 595 487 678 illis,
514 596 576 685 qui
592 611 723 661 certum
736 594 926 661 liberorum
943 616 1131 663 numerum
1150 595 1255 663 habe·

216 720 315 788 rent,
342 701 526 768 tribuebat.
548 725 580 769 v.
605 701 768 766 Heinecc.
790 700 981 766 Comment.
997 699 1044 767 ad
1067 699 1150 770 b.l.
1171 703 1257 772 IL8.

148 855 155 873 .
265 811 431 897 Cognitio
456 807 492 874 h.
516 805 542 874 l.
570 823 621 873 est
652 803 845 872 iurisdictio
868 805 1148 873 extraordinaria
1176 808 1260 902 apud

138 1003 144 1009 ν
206 917 433 1007 'principemz
457 914 513 979 cui
534 916 725 1006 opponitur
751 913 1084 1009 incardinandum,
1107 915 1133 979 i.
1160 937 1191 981 e.
1211 915 1260 980 iu·

216 1024 376 1091 risdictio
392 1021 566 1089 ordinaria
587 1017 680 1111 apud
708 1020 916 1086 Praetorem.
960 1015 1050 1085 Aliis
1073 1035 1194 1089 tamen
1213 1022 1262 1089 lo·

216 1131 265 1197 cis
288 1132 445 1219 cognitio
464 1130 567 1195 etiam
588 1126 717 1194 dicitur
741 1126 785 1195 de
811 1125 1051 1197 iurisdictione
1077 1130 1259 1201 ordinaria

216 1258 249 1305 v.
272 1234 409 1306 Ernest.
432 1261 509 1328 sup.
533 1235 577 1302 ad
600 1260 676 1326 cap.
700 1261 750 1308 12.

258 1345 503 1431 Absentibua,
526 1347 549 1413 i.
573 1338 604 1411 e.
630 1368 708 1411 cum
736 1361 890 1430 actores,
912 1345 966 1416 vel
991 1347 1065 1434 rei,
1093 1348 1260 1419 abessent·

218 1453 272 1522 De
292 1454 357 1522 hoc
377 1456 523 1522 ablativo
545 1449 702 1520 absoluto
720 1477 825 1542 supra
842 1452 1001 1524 diximus.

206 1565 211 1575 '
262 1561 388 1646 Dare,
411 1561 564 1630 absolute
587 1559 715 1629 dicitur
730 1587 797 1653 pro
814 1565 1017 1634 sententiam
1042 1567 1256 1660 pronuncia·

205 1684 268 1736 're
291 1667 381 1757 Plirt.
405 1670 481 1739 VII.
504 1670 578 1760 Ep.
592 1673 623 1740 6.
646 1671 808 1758 quaestio
828 1671 1026 1737 secundum
1047 1695 1132 1740 reas
1155 1673 1256 1741 dedit.

125 1815 128 1819 -
221 1770 335 1840 Tacit.
358 1775 456 1861 Anu.
480 1776 617 1859 1V.45.
662 1777 724 1865 Ita
746 1775 941 1842 secundnm
966 1782 1173 1858 Messenios
1196 1782 1256 1848 da·

203 1894 308 1949 ··tnm.
331 1906 363 1951 v.
389 1885 552 1953 Torrent'.
572 1885 617 1951 ad
642 1886 677 1956 h.
697 1884 720 1951 l.
744 1899 779 1950 et
803 1883 920 1950 Cuiac.
947 1888 1099 1957 ObserV.
1128 1892 1191 1960 VI.
1214 1908 1256 1975 27.

207 1984 325 2054 'Plena
359 1980 487 2059 locutio
513 2011 593 2060 est:
620 1996 815 2062 secandum
846 1997 1003 2088 aliquem
1031 1999 1141 2078 litem
1168 1998 1272 2095 dare..

219 2094 296 2161 Liv.
314 2097 444 2166 XXIII.
467 2101 516 2167 14.
539 2103 576 2167 ei
598 2122 738 2187 temper
757 2101 868 2186 parti
891 2100 1045 2187 adesse,
1066 2104 1256 2174 secandum

220 2208 302 2268 eam
323 2206 423 2271 litem
446 2207 585 2274 iudicer
602 2208 702 2274 dare.
725 2209 786 2273 ubi
807 2231 840 2275 v.
863 2207 1040 2277 Drakenb.
1125 2226 1132 2245 ‘

262 2314 397 2378 Acciri
413 2315 620 2403 flagitavit.
671 2317 898 2402 Flagitare,
930 2315 1025 2408 quod
1055 2318 1255 2411 plerumque

219 2436 278 2486 aut
295 2421 369 2487 sine
388 2424 495 2489 verbo
517 2423 683 2509 ponitur,
714 2439 772 2488 aut
793 2447 870 2489 cum
892 2425 1000 2491 verbo
1026 2427 1187 2514 iungitur
1206 2440 1257 2517 ptr

219 2541 282 2608 nt,
314 2526 350 2595 h.
380 2527 404 2596 l.
442 2530 652 2599 infinitivum
682 2532 840 2598 iunctum
869 2531 986 2598 habet.
1023 2529 1118 2600 Plin.
1147 2534 1192 2601 H.
1220 2532 1254 2601 Ν.

216 2632 383 2704 XXXIV.
408 2638 442 2704 8.
474 2650 517 2705 nt
543 2643 687 2728 magnis
719 2640 859 2707 theatri
888 2638 1109 2706 clamoribus
1144 2634 1255 2728 reponi

217 2743 511 2831 Apoxyomennm
523 2748 730 2834 flagitavit.
754 2768 785 2811 v.
809 2742 974 2810 Oudend.
993 2740 1037 2807 ad
1054 2741 1093 2809 b.
1116 2741 1143 2811 I.

261 2853 552 2940 Peregrinitatia
574 2877 696 2934 reum,
719 2853 742 2918 i.
763 2877 791 2918 e.
817 2854 878 2942 qui
900 2852 1148 2936 accusabatur,
1172 2846 1253 2944 quod

216 2981 255 3032 se
271 2949 339 3051 pro
359 2962 432 3028 cive
453 2963 607 3031 Romano
630 2964 769 3050 gessisse
783 2975 811 3036 t,
831 2983 908 3026 cunr
934 2959 1141 3055 peregrinus
1166 2974 1253 3028 esset.

219 3088 252 3140 y.
277 3068 427 3136 Brisson.
453 3068 579 3137 Select.
602 3069 754 3161 Antiqu.
827 3070 876 3135 ·5.
1246 3160 1250 3171 Ι

261 3173 322 3238 Ex
345 3174 492 3258 tabella,
524 3179 548 3244 i.
570 3201 601 3245 e.
632 3177 676 3244 de
702 3175 853 3262 scripte,
885 3198 930 3241 ne
956 3180 1166 3246 sententiam
1185 3198 1252 3247 mv.
1289 3177 1290 3216 i

200 3279 365 3345 'moriter
385 3283 531 3346 recitare
557 3305 696 3347 necesse
718 3280 873 3348 haberet.
897 3305 929 3348 v.
949 3283 1033 3350 Intt.
1056 3281 1101 3348 ad
1125 3284 1161 3350 b.
1183 3282 1208 3352 I.
1233 3294 1238 3307 '

267 3386 427 3454 Tenebat
452 3389 491 3454 in
512 3411 632 3454 mana.
679 3391 816 3455 Poterat
839 3389 956 3454 abesse
976 3390 1190 3482 praepositio
1206 3386 1252 3471 it,

217 3489 278 3556 sed
303 3515 404 3582 saepe
418 3490 575 3559 additur.
600 3494 743 3559 Terent.
768 3493 922 3589 Adelph.
942 3498 1002 3565 IV.
1024 3517 1056 3561 2.
1082 3496 1138 3563 24.
1161 3514 1251 3589 quen

212 3603 410 3686 pueritiam
439 3603 621 3666 tantillum
651 3602 688 3665 in
722 3604 887 3669 manibus
909 3607 1063 3690 gestavi.
1087 3601 1182 3670 Flor.
1203 3598 1251 3671 IV.

222 3729 273 3774 12.
297 3732 331 3796 p.
350 3709 423 3775 808.
454 3711 618 3794 linguam
642 3709 679 3772 in
706 3731 815 3775 mann
843 3724 965 3776 tenena
989 3710 1181 3780 barbarus.
1201 3706 1253 3775 ubi

220 3834 252 3880 v.
275 3813 402 3879 Duker.

270 3922 328 3992 lo.
373 3922 573 3990 Aetatnlae
600 3924 825 4012 indulgeret,
849 3925 872 3992 i.
893 3951 923 3994 e.
948 3925 1183 4022 voluptatibus
1203 3928 1249 3993 iu·

1200 4040 1249 4096 've-
