2580 4942
411 334 749 407 'CAESAR
1100 341 1124 410 5

127 519 316 588 Divinitas
337 535 389 585 est
406 543 469 640 per
492 517 754 600 divinationem,
778 539 868 584 cum
864 519 1041 592 instinctu
1054 525 1111 591 af-

82 630 239 720 flatuque
262 624 421 698 divino
396 645 444 689 stc
462 623 576 688 futura
592 620 787 712 praedicas,
809 640 849 689 ut
865 630 1017 712 nescias,
1039 653 1112 697 un-

82 732 128 800 de
156 734 254 801 scias.
294 728 413 823 'Quod
443 732 503 822 qui
533 731 691 812 faciunt,
722 717 843 798 divini
860 727 1119 804 dicuntum..

83 840 160 906 Cic.
174 837 227 903 ad
242 838 314 904 Att.
332 838 423 907 Χ.4.
438 837 539 903 stibi
558 837 680 904 G1·.aer
708 837 1009 924 conjectamus,
1032 865 1113 907 cum

83 972 127 1014 ex
144 947 267 1012 caussis
293 961 371 1012 ante
397 943 557 1029 cognitis,
588 938 672 1029 quid
696 941 847 1006 futurum
870 942 938 1026 sit',
968 946 1111 1034 praedi-

83 1077 153 1122 cas.
178 1053 251 1119 Cio.
275 1049 319 1115 de
335 1051 410 1119 Div.
429 1053 473 1117 ll.
498 1074 547 1117 ιι.
561 1046 812 1134 artificiosum
833 1048 1026 1119 divinandi
1039 1076 1116 1140 ge-·

82 1185 153 1226 nus
176 1171 322 1224 constat
336 1158 480 1241 partim
501 1179 543 1220 ex
564 1157 791 1246 conjectura,
807 1159 951 1243 partim
976 1184 1018 1224 ex
1046 1159 1112 1225 ob·
1180 1197 1188 1216 ·

79 1267 285 1336 servatione
309 1263 497 1328 diuturno.
521 1284 553 1328 v.
577 1259 720 1325 Cusaub.
743 1277 777 1327 et
801 1262 938 1335 Ernest.
961 1263 1004 1329 ad
1028 1265 1064 1332 h.
1085 1263 1111 1332 l.

124 1375 166 1444 V
161 1376 332 1440 iacerent.
377 1367 438 1431 Est
465 1360 609 1432 formula
640 1363 771 1462 aliquid
801 1366 1021 1437 concedentis
1047 1368 1116 1462 per*

78 1481 180 1549 iram.
204 1479 346 1540 Terent
369 1468 482 1538 Andr.
507 1492 538 1535 v.
560 1473 590 1537 3.
621 1491 688 1535 21.-
703 1473 848 1540 viceris
881 1477 951 1541 ubi
973 1497 1005 1543 v.
1035 1479 1110 1543 Do·

81 1600 155 1650 nat
179 1583 299 1648 Caesar
321 1574 365 1642 de
391 1579 428 1643 B.
451 1576 496 1643 G.
520 1577 606 1644 V.
586 1599 638 1644 so.
660 1578 821 1662 vincite,
854 1584 888 1648 si
909 1584 964 1649 ito
986 1583 1111 1653 vultis.

77 1715 117 1762 v.
142 1689 285 1761 Casaub,
309 1682 410 1749 adh.
432 1680 456 1748 l.

131 1797 210 1864 Sibi
234 1790 458 1887 haherent,
448 1814 472 1854 ι.
489 1813 519 1856 e.
538 1787 665 1856 salvum
679 1808 714 1857 et
726 1792 922 1862 rncolumen
942 1797 1009 1862 suis
1022 1820 1112 1885 pre-

84 1904 181 1970 cibus
202 1900 383 1966 haberant.
417 1894 499 1960 flac
527 1918 663 1990 quoque
685 1899 829 1966 formula
852 1919 1017 1983 utuntur,
1050 1903 1114 1996 qui

83 2007 206 2101 quid
195 2022 283 2072 arato
310 2003 423 2068 animo
446 2001 652 2070 concedunt.
686 2007 828 2075 Terent.
852 2007 963 2074 Andr
987 2010 1110 2077 lv.1.
1155 2086 1158 2091 ¹

83 2122 138 2187 25.
160 2115 303 2182 habeas.
334 2110 395 2175 ubi
415 2130 457 2175 ·.v
486 2111 607 2178 Donat.
630 2111 683 2176 Ib.
706 2111 750 2180 V.
775 2115 806 2181 3.
832 2114 883 2181 18.
929 2115 1006 2183 Imo
1035 2117 1110 2185 lm

82 2228 188 2292 beot:
210 2224 359 2288 voleat.-
380 2219 484 2284 vivat
507 2241 588 2283 cum
612 2219 687 2283 illa.

129 2333 247 2415 Tonto
267 2348 383 2416 opere.
428 2325 505 2390 Pro
517 2336 723 2408 tantopere,
757 2341 993 2418 quantopere,
1026 2355 1111 2396 ma

79 2456 238 2524 gnopere
259 2453 358 2520 saepe
372 2426 506 2495 divisim
519 2426 702 2511 scribitur,
723 2430 822 2498 taa'to
841 2457 968 2522 opere,
992 2461 1109 2525 quan-

81 2557 121 2609 to
139 2561 264 2628 opere,
288 2556 416 2621 magno
439 2555 554 2620 opere.
577 2555 609 2598 v.
634 2535 755 2604 Graev.
781 2538 882 2606 adh.
908 2541 932 2608 l.
1042 2565 1046 2573 ’
1100 2526 1105 2535 ’

130 2645 334 2732 Optimates
347 2655 451 2720 sunt,
477 2640 536 2730 qui
557 2641 700 2730 optimas
720 2661 856 2733 partes,
879 2646 903 2716 i.
920 2671 951 2714 e.
975 2638 1110 2717 senatus

79 2756 120 2819 in
135 2749 314 2839 republica
334 2763 545 2836 sequuntur:
571 2769 655 2837 quos
674 2746 795 2814 Cicero
812 2773 911 2840 saepe
926 2752 1029 2817 etiam
1045 2732 1110 2820 tsi

81 2880 152 2925 noa·
169 2853 330 2947 appellat.
385 2854 617 2943 Optimatibus
649 2864 873 2942 opponuntur
898 2841 1109 2948 populares,

82 2965 146 3061 qui
161 2962 274 3055 plebis
296 2979 410 3052 partes
428 2978 631 3053 sequuntur.
663 2956 733 3022 Hae
756 2957 938 3045 factiones,
963 2962 1006 3030 de
1025 2965 1109 3056 qui-f

78 3072 148 3136 bus
168 3067 323 3134 classicus
343 3065 438 3132 locus
460 3083 510 3131 est
531 3062 706 3134 Ciceronis
727 3089 792 3155 pro
813 3067 930 3136 Sextio
952 3072 1005 3139 45.
1031 3078 1107 3137 om'-

78 3201 144 3244 nes
168 3179 279 3268 prope
312 3173 518 3275 seditiones,
545 3174 669 3264 quib'us
701 3174 895 3261 respublica
918 3175 1107 3261 laborarit}

78 3281 298 3362 excitarunt,
321 3301 360 3344 ac
374 3279 510 3347 demum
528 3283 636 3370 ipsam
657 3279 904 3375 rempublicam
922 3282 959 3346 in
974 3303 1106 3371 perpe·

81 3405 180 3453 tuum
201 3382 443 3477 perdiderunt.
475 3409 506 3454 v.
529 3387 643 3473 Sigon.
663 3384 707 3452 de
725 3404 796 3453 ant.
817 3389 893 3454 'iure
914 3387 987 3453 civ.
1009 3387 1107 3452 Rom.

80 3495 200 3561 Il.·2r.
290 3520 294 3529 ·
370 3518 373 3527 ·
770 3576 773 3581 Ι

129 3601 282 3668 Gaeao'n'
293 3605 420 3668 multos
428 3603 566 3669 Marios
588 3606 723 3685 inesse,
738 3602 763 3672 i.
780 3623 811 3668 e.
828 3595 1003 3682 ingenium
1016 3597 1106 3664 Ceto·-¹

82 3706 150 3772 sari
174 3720 291 3793 aptum
312 3726 382 3770 esse
401 3707 540 3774 factioni
563 3707 742 3800 populari,
765 3702 826 3771 sed
844 3702 951 3770 multo
967 3704 1108 3784 'acriusi

82 3830 186 3901 quam
205 3812 292 3899 ipse·
307 3811 434 3878 Marius
464 3813 644 3893 habuerit,
682 3814 831 3890 uthere
863 3809 1011 3933 explicat
1036 3811 1123 3876 Gass'

83 3915 180 3982 saub.
199 3917 345 3983 Marius
371 3920 540 4005 significat
571 3921 719 3986 animum
748 3918 836 3989 vel
827 3918 1001 4004 mgoni'um
1025 3917 1107 3982 Ma*

83 4021 226 4095 uanum.
244 4023 395 4114 Magna
420 4051 501 4099 vero
524 4029 576 4099 ris
592 4043 643 4097 est
669 4029 708 4093 in
738 4024 938 4097 nemoribus
955 4019 1110 4112 ¹propriis

87 4152 91 4159 ·
641 4131 718 4205 Λᾶ
1061 4127 1111 4194 sic
