2580 4942
421 298 725 409 (11111111.
1053 340 1091 405 1.

75 521 234 591 convivae.
257 542 289 586 v.
311 520 398 608 Aug.
415 523 468 590 51.
492 514 597 604 Calig.
622 519 672 586 24.
697 533 731 584 et
756 514 837 584 lntt.
857 517 902 585 ad
927 518 1089 588 0111111.

79 626 119 692 A.
135 631 157 695 Ι.
178 632 231 698 66.

10 741 12 771 ²
120 738 249 804 Urbieis
273 735 581 826 negotiatoribus,
614 733 637 800 i.
669 757 698 799 e.
722 731 782 822 qui
807 754 849 797 ex
874 732 960 825 urbe
985 734 1092 802 Rome

79 846 272 930 negotiorum
294 866 407 909 caussa
423 844 460 908 in
483 841 659 935 provincia
686 839 917 906 versabantur.
960 843 1089 931 Nego-

80 952 211 1018 tiatores
236 948 344 1015 libera
374 970 448 1036 rep.
484 942 689 1012 dicebantur
715 946 847 1034 equites
878 963 912 1011 et
937 934 1090 1037 plebeii,

80 1060 130 1147 qui
144 1059 178 1122 in
195 1056 380 1150 provinciis
400 1070 458 1120 aut
477 1068 634 1131 ararent,
658 1067 715 1117 aut
733 1068 934 1151 pascerent,
952 1072 1009 1120 aut
1021 1079 1090 1146 pe·

77 1165 177 1228 einins
187 1174 318 1228 mutuas
332 1157 456 1224 darent
473 1157 760 1250 provincialibus,
782 1159 970 1251 foenusque
985 1186 1088 1229 exer-

76 1280 192 1347 cerent,
209 1265 447 1332 autfrumento
462 1263 648 1331 coemendo
661 1282 695 1330 et
713 1264 850 1330 Romam
861 1263 1019 1331 vehendo
1031 1265 1089 1331 lu-

72 1392 159 1438 crum
179 1389 403 1462 quaererentz
428 1369 471 1437 de
491 1371 615 1459 quibus
632 1389 683 1437 est
696 1369 887 1437 dissertatio
904 1370 956 1440 (ΙΙ.
973 1373 1090 1441 Erne·
1153 1448 1155 1453 ¹

66 1475 113 1540 sti
129 1479 163 1542 in
183 1479 349 1567 Opuscul.
371 1477 536 1563 Philolog.
1074 1488 1078 1495 ’

112 1583 311 1668 tuncrum,
333 1587 408 1655 scil.
433 1612 451 1655 e
472 1584 644 1670 triclinio,
667 1581 720 1652 vel
746 1581 896 1652 conclavi
919 1585 1092 1678 hospitali.

64 1683 331 1780 Praepositiones
349 1721 389 1778 e,
406 1722 450 1778 a,
472 1697 508 1762 in
526 1718 625 1784 saepe
640 1695 836 1777 iunguntur,
848 1693 981 1776 verbis,
1003 1693 1089 1760 hre-

58 1793 172 1861 vitatis
196 1819 329 1881 caussa,
351 1817 390 1866 ut
411 1798 510 1866 simul
530 1797 623 1878 loca,
646 1796 739 1863 unde
762 1815 886 1888 etque
904 1799 1088 1887 perveniu-

62 1911 144 1985 tur,
167 1901 412 1989 intelligantur.
456 1906 619 1996 Exempla
640 1923 719 1971 sunt
741 1903 832 1993 apud
850 1899 1021 1971 Drakenb.
1045 1897 1089 1967 ad

58 1998 138 2076 Liv.
156 2010 184 2075 I.
207 2013 262 2099 57·
284 2008 411 2077 Duker.
435 2007 478 2074 ad
500 2010 613 2079 XXII.
631 2014 683 2080 56.
708 2027 742 2076 et
755 2012 840 2077 Intt.
859 2005 902 2074 ad
927 2007 961 2079 h.
980 2005 1004 2074 l.

112 2114 233 2197 Veste,
255 2113 328 2182 scil.
350 2115 505 2200 stragula.

111 2220 296 2304 Aetatem,
321 2222 486 2313 exquisite
508 2219 617 2306 dicit,
649 2249 736 2315 quae
754 2221 852 2290 antiis
875 2218 994 2306 viginti
1015 2217 1090 2286 cir·

56 2325 327 2411 cumscribitur,
357 2340 396 2396 et'
418 2345 497 2417 apta
524 2346 575 2396 est
597 2326 640 2397 ad
665 2324 847 2420 patienda,
870 2347 957 2416 quae
983 2321 1093 2426 foedis

51 2433 266 2499 amatoribus
288 2433 480 2501 libuissent.
511 2430 631 2500 Claud.
654 2438 704 2503 16.
741 2446 782 2501 ut
800 2432 1091 2525 poreius‘aetn-

50 2543 160 2604 tutae
182 2539 395 2625 indulgeret.
420 2537 646 2626 Quinctilian.
668 2534 764 2604 Decl.
782 2538 856 2622 276.
880 2537 918 2603 in
932 2538 1093 2625 'gravis-

51 2647 333 2723 ciminianu,
358 2647 576 2735 q'u'nflorem
593 2647 728 2713 oetntis
745 2643 880 2720 amisit.
904 2667 935 2710 v.
958 2640 1089 2711 Schule

51 2747 146 2836 ting.
170 2749 213 2817 ad
236 2752 355 2818 Senec.
382 2753 544 2858 Controv.
567 2755 610 2821 Il.
633 2779 670 2846 p.
691 2775 763 2818 201.
1073 2758 1078 2765 '

108 2861 264 2924 Remove
282 2860 420 2942 istaec,
443 2860 466 2925 i.
488 2884 518 2927 e.
544 2860 615 2926 noli
637 2858 710 2927 de
701 2875 773 2924 istis
788 2851 891 2922 rebus
912 2850 1040 2924 dicere.

113 2965 221 3048 Quid
230 2966 285 3030 illi
311 2979 350 3031 tu
374 2966 528 3031 dederis.
572 2964 708 3030 Dictum
731 2986 771 3026 ex
793 2962 960 3048 ambiguo.
1005 2967 1091 3034 Nam

45 3063 149 3137 dore
170 3066 334 3137 dicuntur
359 3071 555 3138 meretrices
578 3087 613 3137 et
643 3068 818 3151 catamiti,
848 3068 907 3157 qui
940 3074 1091 3167 corporis

43 3181 116 3244 sui
136 3180 273 3279 copiam
301 3179 442 3244 faciunt.
477 3174 579 3244 ovid.
610 3178 654 3246 A.
681 3177 722 3243 A.
745 3178 805 3244 ΙΙΙ.
828 3181 879 3267 95.
923 3177 1002 3246 Det
1027 3195 1090 3247 tu-

45 3295 140 3352 men
162 3289 235 3353 ullo
258 3288 332 3352 niro
356 3287 494 3351 mulier.
518 3284 578 3349 ubi
598 3307 628 3350 v.
652 3284 770 3383 Heius.

108 3393 443 3480 Prosequcnteu,
417 3416 440 3457 1.
464 3415 494 3458 c.
518 3393 727 3461 comitantes.
751 3391 823 3458 Liv.
844 3388 906 3457 VI.
930 3391 981 3457 54.
1003 3390 1092 3476 fre-

52 3499 208 3595 quentin
240 3497 538 3588 prosequentium
578 3501 888 3587 rogantiumque,
920 3497 1096 3613 numquid

46 3590 194 3671 vellet?
215 3604 327 3677 ubis.
351 3602 526 3671 Drakenb.

117 3711 169 3785 5ΙΙ.
214 3711 259 3779 In
288 3713 439 3801 quibus,
469 3704 495 3776 i.
529 3733 559 3776 e.
588 3709 684 3776 inter
714 3732 832 3797 quos,
869 3725 909 3775 ut
939 3708 1094 3811 loquitur

59 3796 129 3873 ¹¹1l·
145 3815 197 3879 52.
220 3806 298 3877 vel
296 3838 338 3879 ex
363 3810 511 3903 quibus,
533 3822 571 3873 ut
589 3811 674 3896 Aug
666 3832 742 3900 .29.
734 3834 791 3877 .v.
811 3808 937 3877 Duker.
955 3804 997 3876 ml
1019 3812 1094 3878 Liv'.

67 3900 243 3984 XXXVII.
267 3908 319 3984 ts.

119 4020 237 4087 Seruii
264 4024 447 4154 Sulpicii,
478 4022 549 4092 scil.
583 4048 750 4111 uxorem,
783 4021 877 4119 quod
905 4049 1004 4117 saepe
1032 4026 1093 4094 iu·

662 4135 688 4198 F
886 4168 891 4179 ·
1026 4139 1095 4205 tel·
