2580 4942
444 313 740 423 CAESAR
970 401 976 411 ,
1070 326 1112 408 Q

90 492 370 577 militiae'nomen’
396 503 474 590 dat,
497 509 637 600 propria
663 503 808 576 formula
831 504 959 575 dicitur
986 528 1115 571 sucro·

87 628 205 681 mento
224 614 356 679 dicere.
379 634 411 679 v.
436 611 511 678 Liv.
537 613 664 680 XXIV.
682 615 714 681 8.
738 613 842 679 stibi
869 616 961 679 Intt.¹
985 607 1114 678 Consul

85 719 214 786 dicitur
232 719 381 808 adigere
411 717 463 783 od
485 731 774 799 sacromentum,
806 718 954 807 adigere
985 739 1113 783 sacra·

85 840 264 909 mentum,
295 827 446 912 adigere
477 834 712 888 sacramento.
747 846 779 888 v.
809 822 882 890 Liv.
911 821 1035 888 XLIII.
1061 821 1112 888 15.

86 950 120 999 et
138 934 188 999 ibi
208 931 381 1000 Drakenb.

130 1024 426 1118 contubernales,
439 1036 498 1126 qui
511 1035 597 1116 sint,
610 1031 833 1123 explicuimus
847 1056 923 1124 sup.
938 1033 981 1099 ad
993 1056 1067 1123 cap.
1082 1051 1114 1107 2.

129 1141 308 1208 Comitum
325 1145 462 1208 nomine
477 1140 642 1206 dicuntur
655 1141 775 1223 amici,
795 1139 1005 1233 propinqui,
1025 1136 1115 1229 phi-

83 1245 242 1334 losophi,
265 1248 492 1332 grammatici,
517 1243 691 1328 rhetores,
715 1270 799 1335 quos
821 1245 1032 1329 magistratus
1054 1266 1112 1310 sc-

85 1377 164 1418 oum
196 1354 233 1418 in
264 1352 458 1446 provincias
492 1349 649 1432 ducunt,
684 1347 941 1417 consuetudinis
966 1371 1043 1414 cum
1073 1347 1114 1411 iis

85 1455 268 1524 habendae
284 1460 431 1523 'caussas
456 1453 644 1543 dequibus
671 1479 701 1525 v.
727 1455 779 1523 cl.
803 1457 941 1523 Ernesti
963 1455 1047 1521 Exc.
1068 1451 1118 1519 ad·

88 1565 171 1630 Tib.
194 1565 246 1633 46.

128 1675 373 1754 Poeantium,
403 1671 477 1737 scil.
502 1684 602 1757 rem,
627 1667 758 1755 facere
785 1686 835 1735 est
857 1665 1008 1759 pecudes
1038 1665 1113 1733 ale-

85 1802 125 1844 re
153 1793 189 1844 et
214 1775 387 1860 vendere,
421 1796 461 1844 ut
493 1778 762 1868 canicularium
787 1773 953 1864 facere,
972 1774 1116 1840 navibus

86 1901 146 1950 aut
177 1883 431 1965 aedificandis,
465 1898 524 1947 sut
550 1877 741 1948 vendendis
768 1898 945 1973 quaestum
972 1880 1118 1965 facero,

83 1991 338 2078 argentoriam
349 1987 502 2076 facere,
525 2010 644 2051 numos
659 2004 875 2076 permutare,
899 1987 1031 2053 foenori
1047 1985 1115 2053 da·

84 2118 124 2160 re
151 2109 185 2159 et
208 2116 351 2159 sumere.
373 2117 405 2159 r.
426 2093 552 2159 Graev.
578 2087 622 2156 ad
650 2091 725 2158 cic.
754 2095 855 2162 Verr.
881 2095 925 2163 V.
950 2095 999 2161 18.
1044 2089 1112 2158 Sed

74 2203 299 2287 pecuariam
320 2197 449 2286 facere
478 2212 536 2263 aut
556 2198 730 2281 petitorii
748 2194 801 2262 illi
826 2213 959 2267 tantum
983 2199 1117 2271 dicun·.

83 2321 171 2386 tur,
202 2305 262 2394 qui
285 2327 399 2389 greges
427 2324 592 2394 pecorum
617 2310 766 2390 pascunt
787 2303 826 2370 in
860 2303 1012 2392 publicis
1045 2330 1114 2397 ps·

79 2412 195 2492 souis,
225 2427 319 2477 certo
334 2409 501 2495 uectigali
523 2408 712 2478 conductis.
733 2436 765 2479 r.
789 2412 861 2479 Cic.
890 2414 991 2481 Verr.
1012 2414 1055 2478 II.
1081 2416 1112 2482 6.

76 2537 152 2604 pro
174 2515 282 2583 Deiot.
305 2540 335 2606 9.
372 2517 462 2583 Sunt
482 2518 546 2585 viri
565 2515 679 2598 docti,
693 2517 740 2583 ‚in
759 2515 812 2582 his
834 2500 948 2584 Burm.
971 2516 1015 2584 de
1035 2523 1110 2589 Vc·

78 2625 164 2708 ctig.
191 2649 221 2712 9.
252 2649 288 2716 p.
312 2623 384 2692 140.
420 2625 479 2714 qui
499 2623 824 2712 pecuarios-etiam
851 2619 961 2690 dictos
988 2639 1115 2716 putent

73 2730 288 2850 publicanos
304 2770 331 2812 ,·
351 2732 411 2822 qui
436 2731 580 2817 vectigal
600 2728 835 2811 redemerant,
860 2727 954 2819 quud
981 2728 1024 2798 de
1043 2755 1118 2824 pas

73 2836 173 2900 suuis
206 2834 355 2926 publicis
385 2834 538 2903 daretur.
596 2835 665 2906 Sed
696 2861 752 2903 eos
788 2834 914 2905 refellit
949 2835 1115 2903 Ernestus

75 2940 180 3009 Glav.
192 2943 271 3009 Cic.
295 2967 326 3008 v.
349 2942 541 3012 Pecuarius.
620 3000 623 3007 Δ

79 3049 366 3129 Medicinam,
389 3067 454 3117 etc.
498 3050 684 3137 Distinguit
705 3051 855 3120 medicos
878 3076 898 3116 a
918 3048 1114 3119 liberalium

70 3154 209 3217 artium
220 3150 463 3239 doctoribus,
447 3182 476 3225 ..1
494 3159 779 3243 e.g1ammaticiS,
795 3156 1112 3247 rhetoribus,phi·

64 3249 272 3353 losta'phis.,¹
292 3261 483 3329 Namolim
504 3261 596 3354 apud
613 3264 787 3341 ¹Romanos
808 3262 880 3329 sere
903 3263 1010 3344 servi,
1033 3278 1113 3351 post

65 3366 191 3446 servi,
216 3364 371 3439 libertini
392 3381 439 3433 et.
454 3367 577 3434 Graeci
599 3367 808 3437 medicinam
838 3369 1051 3437 factitabant.
1080 3395 1114 3438 v.

68 3475 228 3542 casaub.
249 3498 324 3566 sup.
341 3472 528 3559 adeun-4.
542 3489 577 3537 et
594 3474 741 3541 Brisson.
756 3474 880 3542 Select.
893 3460 1116 3565 Antiatis.

124 3578 306 3672 Rrofitebi
317 3592 455 3663 urtem'.
478 3595 528 3645 est
546 3579 686 3668 publice
701 3579 842 3665 docere,
864 3576 918 3646 vel
931 3601 1113 3667 exercerc,

68 3685 129 3753 ‹Is
143 3687 358 3776 Graium-9.
374 3686 653 3773 professusdiu
679 3688 864 3775 &putria
889 3687 1115 3755 Grammati-

71 3816 183 3858 osma
198 3794 322 3863 ¹(lic.
312 3818 350 3859 ru
372 3795 496 3865 Pisou.
493 3817 559 3880 ·.29
583 3780 853 3881 philosophicam
875 3796 938 3882 qui
953 3790 1114 3880 profite-

74 3911 159 3965 tur.
202 3897 290 3966 Inde
309 3903 536 3990 professores
557 3898 738 3968 dicuutur.
836 3954 842 3965 .

114 4005 297 4081 missetat
315 4007 645 4098 exspectationem.
664 4031 697 4073 e.
723 4004 884 4077 disctusa.
893 4002 984 4073 Lis.
1002 3999 1114 4075 XXII.
