2580 4942
395 282 803 363 citrensi>
1006 287 1127 383 ¹sss

99 479 216 552 'ratres
241 480 325 547 olim
351 479 552 548 destinatos
573 479 752 566 supplicio
777 475 908 546 tradit.
931 464 964 549 2.
987 472 1124 548 80122Ιέ

99 595 165 679 Ing.
186 589 231 656 sd
258 583 429 679 Quinctil.
450 582 547 651 Decl.
570 583 666 652 XVI.
688 584 721 651 4.

114 699 256 766 Eiecit.
302 696 377 761 Hoc
395 693 540 762 verbum
562 691 705 784 proprie
727 690 855 759 dicitur
879 690 923 760 de
941 693 1009 778 iis,
1032 714 1124 786 quae
1203 771 1210 783 „

99 805 244 871 :notibus
272 801 415 874 inlitus
445 798 689 892 expelluntur,
711 800 871 890 inprimis
903 799 948 870 de
974 801 1121 868 naufra-

97 913 139 982 is.
185 914 331 978 Terent.
354 907 469 976 Andr.
485 911 530 979 V·
552 911 586 980 4.
609 931 663 979 2ο.
692 913 783 977 noui
793 911 928 998 fracta
956 911 1009 977 od
1033 911 1125 978 Au·-¹

99 1024 190 1090 3rum
221 1022 358 1088 ciectus
390 1031 456 1086 est.
492 1017 617 1106 Virgil.
640 1017 729 1087 Aen.
747 1018 808 1086 IV.
832 1017 906 1104 574.
949 1018 1123 1086 Eiectum

99 1129 207 1212 ·'tore,
240 1140 405 1217 egentem
430 1127 582 1214 Excepi.
605 1148 639 1195 v.
663 1123 816 1192 Gronov.
848 1120 893 1191 ad
922 1122 1044 1192 Senec.
1060 1127 1122 1194 111.

99 1235 204 1302 iontr.
228 1237 279 1302 16.

132 1342 191 1416 50.
244 1340 402 1428 Corpori
435 1343 597 1426 enormi,
628 1339 652 1407 i.
679 1363 712 1407 e.
743 1335 838 1428 quod
877 1337 1000 1406 iustam
1031 1357 1121 1407 nor-

99 1465 190 1524 tsm,
220 1439 275 1508 vel
308 1444 571 1532 proportionem
604 1464 676 1507 non
718 1438 876 1509 haberet.
920 1439 1041 1509 Vitell.
1067 1464 1120 1530 17.

99 1551 163 1619 rot
193 1552 230 1616 iu
255 1574 295 1615 eo
320 1554 477 1617 enormis
494 1550 716 1639 proceritas.

118 1658 168 1729 H
168 1662 307 1726 irsutus
327 1671 462 1730 cetero.
486 1659 618 1726 Cetera
632 1653 786 1723 absolute
798 1653 927 1723 dieitur
942 1676 1009 1752 pro
1025 1655 1121 1753 quod
1211 1705 1215 1712 =

99 1762 264 1832 dcetera
293 1763 448 1829 membra
472 1764 603 1831 attinet.
635 1764 755 1830 Horat.
771 1765 799 1830 Ι.
829 1765 898 1854 Ep.
918 1787 970 1834 to.
994 1768 1026 1834 5.
1054 1787 1119 1830 ce·

99 1896 159 1942 tro
176 1891 295 1962 paene
315 1870 470 1959 gemelli.
505 1868 567 1937 ubi
587 1867 691 1965 pluro
715 1871 872 1964 exempla
894 1872 1001 1942 habet
1021 1875 1118 1940 Ben-

99 2003 151 2048 et.

126 2090 368 2159 criminosum
396 2086 619 2173 habebatur,
641 2089 665 2156 i.
688 2113 718 2157 e.
752 2090 884 2160 crimen
913 2104 998 2158 erat.
1042 2083 1123 2157 Cio.

99 2217 144 2265 ro
165 2199 278 2285 Ligar.
301 2219 331 2264 2.
363 2197 458 2285 quod
478 2197 513 2262 si
532 2209 590 2265 est
612 2201 865 2283 criminosum,
888 2195 1121 2264 necessitatis

99 2307 214 2372 »tmen
240 2319 306 2372 est.

124 2415 278 2483 Vultum
302 2413 502 2503 efferabat,
526 2415 549 2480 i.
569 2439 601 2483 e.
624 2412 668 2479 ad
692 2412 863 2497 feritatem
888 2427 924 2479 et
952 2421 1121 2478 terrorem

99 2521 319 2613 omponebat.
353 2522 428 2586 Liv.
445 2522 490 2587 II.
516 2525 567 2590 25.
601 2524 725 2611 capilli
756 2522 1003 2610 efferuwraut
1032 2540 1120 2604 spe-

99 2627 172 2697 iem
202 2630 288 2695 oris.
324 2653 355 2697 v.
385 2625 558 2694 Drakenb.
591 2624 635 2692 sd
664 2651 696 2703 t·
718 2630 771 2698 53·
803 2643 839 2693 et
873 2620 1040 2691 Oudend.
1075 2619 1121 2709 sd

99 2719 119 2805 ¹..
140 2737 165 2806 l.
569 2823 573 2834 ι

123 2846 166 2916 V
159 2844 304 2912 aletudo
326 2844 363 2910 ei
383 2870 452 2914 nou
474 2847 664 2929 constitit,
686 2845 710 2911 i.
731 2869 761 2912 e.
780 2829 858 2911 ⁴non
871 2843 1025 2930 integra,
1048 2864 1121 2910 non

99 2945 212 3019 [libata
238 2952 317 3018 fuit.
351 2955 435 3021 Tib.
454 2975 484 3021 2.
507 2957 542 3020 si
558 2955 630 3021 sihi
647 2954 833 3042 pudicitia
863 2965 1059 3018 constaret.

130 3062 305 3147 Colligere
335 3085 393 3145 se,
416 3064 440 3128 i.
464 3085 494 3128 e.
518 3062 622 3127 animi
650 3061 875 3151 corporisque
905 3059 995 3126 vires
1025 3059 1122 3148 quasi

99 3168 312 3251 tontrahere,
333 3184 373 3235 nt
395 3191 430 3234 se
448 3170 642 3234 sustineret.
666 3169 741 3234 Cic.
754 3168 859 3236 Tusc.
872 3168 970 3261 Disp.
991 3167 1053 3239 IV.
1067 3151 1121 3237 36.

99 3278 173 3366 fuid
200 3290 257 3344 est
287 3300 325 3341 se
354 3278 476 3362 ipsum
498 3277 684 3361 colligere,
708 3276 784 3342 uisi
806 3275 1009 3365 dissipatos
1035 3277 1121 3340 ani·

99 3383 135 3451 ui
151 3397 284 3470 portes
313 3407 442 3452 rursus
474 3384 512 3450 in
541 3405 647 3449 suum
681 3383 798 3450 locum
825 3402 963 3473 cogere.
998 3381 1122 3448 lustin.
1208 3404 1212 3409 ·

99 3488 245 3556 tXXttt.
270 3512 302 3560 2.
335 3505 378 3560 ut
397 3493 457 3558 ille
479 3492 589 3558 citius
611 3512 759 3577 corpore
782 3493 947 3573 collecto,
970 3509 1124 3578 maguae

99 3608 228 3683 tragos
245 3598 374 3665 edidit.
398 3625 430 3668 v.
452 3602 535 3667 Intt.
560 3595 603 3663 sd
624 3598 782 3663 Frontin.
803 3599 864 3668 lv.
887 3601 919 3669 5.
946 3622 998 3687 17.
1165 3579 1169 3585 .

127 3704 313 3792 Sufferre,
335 3707 359 3772 i.
380 3730 409 3774 e.
433 3705 502 3771 suis
524 3703 674 3788 viribus,
695 3705 769 3770 sine
793 3701 1026 3789 adminiculo,
1049 3721 1123 3772 sta·
1237 3718 1240 3723 ’

100 3837 132 3882 e.
163 3811 288 3897 virgil.
312 3812 400 3882 Aen.
420 3815 465 3881 II.
487 3813 564 3904 492.
596 3834 709 3901 oeque
731 3812 807 3898 ipsi
838 3813 1006 3882 custodes
1038 3812 1123 3900 sus·

99 3945 181 3989 erre
213 3924 347 3989 valent.
382 3922 445 3987 ubi
476 3946 506 3988 v.
538 3923 654 3990 Burm.
707 3915 805 3987 Idem
830 3935 883 3987 est
916 3928 1125 4026 sustentare
1153 3957 1158 3968 ·
1211 4002 1214 4009 Ι

99 4029 168 4099 tib.
188 4050 241 4118 72,
266 4030 326 4098 uhi
348 4052 379 4100 v.
403 4043 529 4099 notata.
977 4046 981 4054 ·

1004 4131 1130 4212 .ῃᾷ
