2580 4942
225 310 265 360 m
591 289 886 359 CAESAR
987 288 991 295 ’

220 489 275 543 tus
296 487 377 539 vero
392 469 533 539 maxime
552 470 698 539 dabatur
710 462 982 541 adolescentibus
1001 472 1201 561 nobilibus,
1221 492 1256 544 et

222 581 319 671 quasi
341 578 463 666 g'radm
489 594 561 645 erat
582 578 626 644 ad
645 568 847 656 senatoriam
865 579 1097 667 dignitatem·

235 718 240 728 ·
262 691 339 759 Per
352 685 533 776 suffragia
539 690 670 774 populi
678 736 687 769 ,
702 687 728 756 i.
743 687 821 789 etin
840 688 982 755 comitiis
1002 679 1150 780 populi..
1163 689 1251 755 Tri-

220 795 409 864 benidicti
431 810 542 858 sunta
563 816 705 859 numero
733 794 893 858 ternario.
939 797 1024 860 Nam
1047 795 1162 884 primo
1183 808 1252 861 tres

205 891 380 983 luerunt,
405 900 465 990 qui
488 897 634 982 singulis·
650 896 825 982 tribubus,
850 926 868 965 a
895 898 1039 967 Romulo
1062 901 1250 984 institutis,

217 1021 444 1098 praeessent,
475 1000 601 1069 deinde
631 1028 707 1086 seu,
743 1021 818 1076 tum¹
851 1003 1047 1084 sexdecim,
1075 1020 1254 1094 postremo

219 1108 341 1195 v'iginti
371 1123 517 1197 quatuor
532 1144 549 1190 ,·
563 1127 601 1175 ut
631 1113 710 1176 seni·
727 1127 838 1175 essent
859 1111 896 1175 in
927 1106 1066 1195 singulis
1095 1107 1253 1195 legioni--

217 1219 295 1286 bus.
340 1215 453 1284 Creati
483 1210 584 1277 modo
606 1230 685 1279 sunt
715 1214 903 1306 apopulo,
927 1213 1038 1280 >modo
1063 1212 1106 1279 ab
1130 1213 1254 1306 impe..

217 1323 401 1394 ratoribus.
424 1346 455 1390 v.
481 1319 553 1387 Cio.
581 1316 624 1382 ad
648 1319 694 1406 Q.
724 1319 781 1386 Fr.
801 1322 846 1387 II.
866 1323 915 1389 15.
945 1319 1023 1385 Aet.
1036 1322 1064 1386 I.
1087 1323 1125 1387 in
1144 1325 1247 1393 Verr.

219 1432 271 1498 io.
316 1428 347 1494 A
365 1425 495 1518 populo
514 1426 638 1509 creati,
662 1429 842 1493 comitiati
858 1423 1087 1496 vocabuntur:
1112 1430 1248 1498 abim-

216 1533 434 1626 peratoribus
453 1535 582 1615 creati,
613 1533 730 1618 rufuli
737 1579 747 1612 ‚
777 1529 871 1622 quod
895 1531 1041 1600 Rutilius
1068 1538 1179 1606 Rufus
1204 1539 1250 1609 <le

217 1641 467 1727 Imperatorum
487 1640 563 1723 jure
585 1639 693 1724 legem
712 1636 853 1705 tulisset.
877 1663 908 1706 v.
927 1641 1001 1707 Liv.
1019 1643 1097 1724 VII,
1119 1643 1151 1713 ⁴5.
1175 1646 1250 1712 As·-

219 1773 296 1814 eon.
319 1746 363 1812 ad
384 1746 458 1812 Cis.
475 1742 500 1814 l.
525 1771 554 1814 c.
573 1748 662 1813 Fest.
683 1743 855 1814 ultusuli.
884 1745 1088 1812 Deinde‘ius
1106 1748 1248 1815 creandi

192 1904 195 1909 -
216 1854 375 1922 tribunos
389 1877 489 1942 saepe
514 1853 677 1920 variatum
692 1867 762 1932 est,
786 1865 824 1914 ut
841 1873 881 1915 ex
900 1847 1057 1938 pluribus
1083 1856 1172 1925 Livii
1188 1857 1245 1924 loa

218 1962 266 2026 cis
288 1956 503 2042 intelligitur.
526 1981 558 2024 v.
581 1961 714 2025 Manut.
737 1953 780 2019 ad
804 1955 877 2020 Cic.
896 1953 953 2020 ad
974 1957 1050 2026 Div.
1070 1961 1113 2027 V.
1134 1985 1188 2030 20.
1211 1981 1246 2030 et

214 2065 311 2154 Lips.
335 2061 379 2128 de
404 2059 480 2128 Mil.
512 2063 609 2128 Rom.
632 2064 676 2128 Π.
696 2087 726 2152 9.
773 2060 1004 2129 Tribunatum
1030 2064 1178 2133 militum
1207 2071 1245 2134 in

215 2172 360 2238 comitiis
391 2168 512 2262 populi
532 2167 649 2238 dutum
674 2170 933 2254 magistratum
960 2189 1084 2239 vocant
1107 2175 1243 2244 Sallust.

215 2277 287 2362 Iug.
309 2279 360 2343 65.
384 2291 419 2341 et
439 2276 512 2340 Liv.
532 2275 609 2341 VII.
630 2277 683 2341 32.
706 2270 768 2335 ubi
792 2297 823 2338 v.
846 2274 972 2343 Duker.

256 2376 1240 2470 MmMmmffiQOmfflmmfflw

212 2511 255 2555 ro
275 2486 318 2552 de
352 2483 521 2553 naturali.
554 2488 639 2552 Nam
668 2487 820 2577 Lepidus
847 2489 968 2557 morbo
992 2509 1027 2559 et
1056 2495 1161 2572 animi
1182 2523 1242 2564 ae·
1281 2485 1286 2490 ⁷

212 2590 386 2680 gritudine
402 2593 517 2682 periit.
541 2591 644 2661 Ovid.
672 2596 888 2664 Trist.V.1.
911 2621 959 2664 12.
984 2599 1117 2687 deflere
1143 2605 1243 2696 Cay-

212 2704 328 2767 strias
351 2704 424 2766 ales
447 2702 600 2768 Dicitur
613 2725 672 2767 ore
692 2726 795 2768 suam
814 2704 1002 2793 deficiente
1024 2728 1155 2775 necem.
1179 2711 1243 2776 Iu-

211 2809 293 2874 stin.
308 2806 418 2874 XLII.
437 2832 466 2873 1.
495 2808 587 2875 Post
606 2834 727 2876 netem
742 2813 978 2879 Mithridatio
988 2816 1010 2892 ,'
1022 2811 1245 2901 Parthorum

160 3006 162 3010 Α
211 2918 322 3003 regie.
345 2939 376 2983 v.
399 2917 574 2984 Vavassor.
592 2910 637 2980 de
650 2916 683 2983 vi
703 2917 800 2987 verb.
821 2921 895 2986 Lat.
913 2944 950 3010 p.
969 2921 1041 2987 156.
1058 2935 1093 2983 et
1114 2919 1243 3001 Graetz

213 3018 256 3086 ad
280 3021 316 3086 h.
339 3019 363 3086 l.

253 3131 482 3215 Bogutiana,
498 3127 524 3198 i.
543 3153 575 3199 e.
594 3127 667 3216 lege
688 3132 730 3198 ad
754 3131 922 3224 populum
939 3131 1017 3199 lata.
1041 3133 1109 3198 ¹Sic
1133 3132 1189 3200 lex
1208 3154 1246 3203 et

209 3233 431 3328 plebiscitum
450 3232 651 3319 dicebatur,
676 3236 782 3328 quod'
802 3240 862 3327 qui
889 3238 996 3324 legem
1025 3240 1149 3324 ferret,
1173 3267 1244 3331 po·-

209 3339 331 3432 pulum
354 3335 509 3402 sollemni
537 3339 680 3405 formula
712 3344 875 3428 rogabatr
906 3350 1029 3414 velitis
1063 3348 1248 3432 iubentis,

216 3449 393 3532 Quirites.
427 3468 459 3511 v.
483 3445 618 3511 Festum
643 3468 674 3510 v.
697 3447 827 3535 Rogat,
849 3469 883 3517 et
905 3452 1064 3520 Gall-X.
1088 3477 1141 3522 ao.
1188 3458 1256 3524 Cui

209 3554 360 3658 populus
388 3552 469 3618 olim
498 3573 598 3631 voce,
629 3569 706 3637 post
730 3578 793 3644 per
826 3555 965 3623 tabellas
989 3557 1249 3652 respondebat,

211 3664 271 3729 uti
297 3672 426 3746 rogas,
446 3657 499 3723 vel
518 3675 636 3725 contra
656 3664 835 3750 antiqua·
860 3662 913 3730 Ex
933 3664 998 3730 hac
1016 3654 1159 3752 rogandi
1180 3652 1258 3734 ria-⁰

210 3771 303 3836 tione
319 3783 501 3832 manarunt
514 3764 721 3852 locutiones,
744 3770 939 3858 abrogare,
959 3796 1152 3861 arrogare,
1171 3776 1241 3841 de-

211 3877 568 3964 rogare,irrqgare,
600 3876 797 3962 obrogare,
829 3877 1049 3967 subrogare,
1080 3901 1237 3967 praera-

208 3977 819 4077 ffimauUffimEme&
880 4006 1123 4036 w····

1160 4097 1238 4189 Sa.⁴
