2580 4942
221 154 265 229 44
383 180 388 187 ·
596 125 683 224 dA'
716 127 920 227 'us-'aa

268 340 314 435 ι..
337 337 571 422 nartianula,
594 340 619 406 a.
642 364 672 406 e.
695 336 798 430 ..pua
808 328 861 426 1301
883 362 994 432 prope
1019 326 1222 433 sanaim

221 446 303 515 Non
332 468 410 512 raro
445 446 493 511 ita
520 445 665 511 sumitur
694 443 780 512 haec
793 446 1027 538 praepositio:
1045 432 1205 541 Propero.

224 574 256 623 ι.
278 577 328 621 11.
352 554 587 621 'Partheniis
609 576 731 618 amena
752 554 898 620 errabat
922 555 959 619 in
977 556 1118 625 annia
1142 559 1203 626 uhi

220 646 412 728 Broulabus.
435 658 566 727 Lucan.
587 660 630 726 V.
654 661 726 748 289.
772 650 897 726 Rheni
928 662 1019 728 milri
1050 663 1241 732 Caesari
1286 702 1290 717 ,

222 756 331 837 undis·
352 769 442 837 Dux
463 780 555 835 erat.
574 766 714 834 infusa
750 767 937 836 Dolabella
959 764 1108 836 chesem
1131 773 1169 838 in
1196 773 1285 838 Il·-

219 877 334 971 lyrico
360 878 497 951 aniiait.
541 874 600 940 Sic
622 873 747 941 Graeci
774 898 911 964 quoqne
939 876 1193 969 praepositione
1218 880 1283 946 ἓν

219 996 378 1054 utuntur.
400 1006 432 1050 v.
454 979 612 1049 PerIzon.
636 977 678 1063 ad
698 979 832 1049 Aelian.
856 983 898 1052 V.
922 982 967 1048 H.
983 981 1034 1046 ¹II.
1059 982 1112 1048 25.
1154 1022 1159 1033 ·

223 1079 229 1089 ⁸
262 1089 418 1177 Legati,
438 1085 654 1178 praesidibus
674 1089 823 1156 inomni
844 1085 1050 1178 provinciali
1067 1109 1106 1152 ac
1127 1085 1281 1154 bellico

218 1216 363 1265 munere
383 1194 554 1263 adiutores
571 1193 756 1265 dabantur.
788 1196 910 1264 Cicero
930 1196 968 1262 in
985 1194 1103 1266 Vatin.
1123 1198 1174 1266 15.
1194 1207 1282 1262 eos

218 1288 320 1377 uocat
333 1308 482 1375 nuncios
490 1307 600 1392 pacis
614 1330 659 1373 ac
672 1305 775 1388 belli,
791 1318 997 1387 curatores,
1013 1304 1226 1392 interpretes
1251 1336 1284 1378 9

218 1404 338 1479 bellici
349 1415 491 1481 concilii
503 1426 688 1496 auctores,
711 1413 897 1478 nzinistros
918 1410 1077 1478 muneris
1091 1412 1281 1498 provin*

219 1512 338 1582 ciclis.
379 1517 548 1584 Numerus
568 1515 755 1604 legatorum
778 1544 797 1585 a
821 1519 950 1586 Senatu
974 1515 1278 1584 decernebaturs

218 1610 394 1706 deligendi
419 1639 568 1713 potestas
593 1649 701 1716 penes
727 1622 901 1716 praesides
929 1639 1030 1706 erat,
1062 1622 1111 1688 sic
1139 1639 1284 1690 tamer*

216 1720 259 1791 itt
292 1722 475 1791 consilium
503 1747 538 1799 et
562 1756 745 1800 consensus
776 1726 919 1800 Senatus
951 1729 1188 1797 interueniret.
1216 1750 1270 1798 rr

218 1832 294 1907 Cic}
326 1826 370 1896 ad
400 1828 474 1898 Au.
494 1834 539 1902 II.
566 1836 616 1905 14.
653 1835 793 1912 Sallust.
822 1842 896 1928 Iug.
922 1837 977 1905 28.
1012 1851 1047 1901 et
1077 1836 1128 1901 ibi
1156 1839 1245 1904 Cort.

218 1936 428 2025 Legionibus
447 1939 586 2026 singulis
612 1944 737 2031 singuli
761 1944 862 2032 legati
884 1950 1080 2034 praeerant.
1102 1946 1135 2010 ν’.
1160 1944 1247 2010 Cae-

216 2056 291 2113 sar:
307 2044 351 2113 de
369 2047 407 2114 B.
432 2048 642 2140 G.V11·.90.
676 2050 779 2117 Plura
793 2052 928 2118 Manat.
951 2047 995 2117 ad
1015 2051 1090 2120 Cic.
1109 2050 1154 2119 ad
1174 2051 1247 2122 Die.

216 2152 246 2221 I.
269 2179 301 2243 7.
323 2170 358 2221 ct
379 2153 495 2240 Sigon.
520 2155 570 2225 de'
585 2175 656 2225 ant.
678 2159 744 2225 iur.
766 2180 864 2249 prov.
886 2157 931 2222 ΙΙ.
950 2177 981 2224 2.

206 2349 211 2357 ,
264 2258 326 2338 26.
369 2263 477 2331 Fieri
493 2268 702 2333 censuisset.
746 2263 901 2335 Verbum
922 2287 1063 2330 cancere
1078 2263 1247 2356 frequen·

214 2361 343 2429 'tissime
357 2363 500 2455 ponitur
520 2386 598 2430 oum
618 2364 792 2434 infinitivo
813 2365 1003 2455 praesentis
1031 2363 1245 2453 profuturo.

214 2462 357 2539 ‘Livxlt
378 2473 409 2540 5.
444 2472 488 2537 de
512 2473 611 2539 bonis
635 2473 767 2559 regiis,
803 2494 893 2559 quae
913 2471 1020 2537 reddi
1045 2485 1130 2538 ante
1161 2497 1246 2539 cen-

115 2612 118 2617 ·
214 2591 376 2665 ruerant.
400 2600 466 2667 pro
485 2575 666 2643 reddenda
692 2599 785 2643 esse:
808 2578 870 2673 ubi
894 2601 926 2644 r.
951 2579 1247 2672 Gronor.*Iustin.

214 2684 309 2754 XIII.
327 2705 357 2770 2.
389 2684 569 2752 Perdicca
584 2696 724 2766 censet,
747 2668 920 2753 Roxanes
933 2687 1138 2772 exspectari
1148 2710 1249 2776 pcr-

212 2788 303 2862 ¹tum.
633 2812 636 2817 ’
1132 2818 1135 2823 ·
1241 2798 1244 2805 ’

256 2900 373 2968 Ferre
393 2899 645 2989 adpopulum‚
666 2899 796 2967 dicitur
808 2891 1041 2986 magistratus,
1060 2898 1120 2988 qni
1137 2897 1250 2987 legem

213 3002 346 3097 populo
366 3007 543 3097 proponit.
588 3007 687 3097 Quae
710 3005 881 3073 sollemnis
904 3006 942 3072 in
963 3004 1027 3070 bae
1044 3029 1081 3073 re
1098 3006 1249 3076 formula

210 3109 275 3180 est.
298 3135 330 3181 v.
353 3112 501 3189 Brisson.
526 3115 571 3183 de
593 3116 707 3185 Form.
729 3119 773 3184 II.
795 3136 832 3200 p.
858 3115 930 3182 206.

254 3221 405 3290 Altiora
425 3221 629 3305 needitcne,
661 3221 685 3288 i.
713 3244 743 3288 e.
775 3240 942 3287 summum
967 3219 1081 3290 locum
1105 3222 1144 3288 in
1170 3247 1251 3314 rep.

212 3332 288 3399 Liv.
307 3332 365 3400 IV.
391 3334 443 3400 15.
490 3330 575 3418 Ipse
597 3327 649 3394 ad
671 3328 803 3394 altiora
826 3342 863 3394 et
884 3353 953 3395 non
978 3356 1144 3398 concessa
1175 3346 1262 3400 ten·

212 3437 310 3504 dere.
336 3461 366 3504 v.
394 3459 482 3528 quae
504 3436 694 3504 notavimus
715 3433 757 3499 ad
782 3433 869 3504 Vell.
893 3437 965 3504 Pat.
988 3439 1030 3505 ΙΙ.
1053 3442 1103 3506 6.·

205 3549 212 3563 ’
254 3546 475 3631 Manubiae,
490 3529 658 3612 dicuntur
676 3542 824 3635 praeda,
839 3560 875 3618 et
888 3568 942 3609 res
963 3569 1077 3613 omnes
1097 3545 1259 3615 hostibus

209 3675 314 3720 manu
341 3651 525 3721 detractae.
563 3672 594 3722 v.
626 3650 716 3719 Gell.
745 3651 839 3719 XIII.
874 3653 925 3720 24.
958 3670 993 3719 et
1019 3650 1104 3744 quoa
1129 3652 1253 3724 laudat

204 3763 338 3832 Duker.
361 3752 405 3828 ad
429 3764 503 3840 Liv.
526 3762 687 3831 XXXVI.
713 3761 766 3829 56.
809 3754 1015 3850 Plerumque
1039 3777 1152 3836 tamen
1183 3761 1246 3828 di.

199 3887 337 3971 ruuntur
358 3868 408 3940 de·
424 3886 468 3939 ea·
483 3867 631 3962 praedae
651 3881 772 3957 parte,
798 3887 899 3954 quum
918 3866 1104 3956 imperator
1127 3871 1246 3960 capit,

227 4266 557 4623 fx
