2580 4942
206 296 271 401 aa
528 299 958 385 cattounm

184 554 187 559 .
206 494 349 564 verbum
366 487 491 584 passim
509 488 547 554 in
566 487 669 556 MSS.
691 486 919 554 confunditur
940 510 1019 559 cum
1034 491 1250 581 aettintare,

211 599 307 689 quod
333 622 405 664 non
433 593 586 662 iudicare
609 593 805 682 significat,
829 595 889 663 sed
914 598 1086 685 cogitare,
1109 617 1249 692 reputa-

209 733 260 777 re.
303 711 355 775 De
373 705 439 770 hoc
458 699 658 769 discrimine
679 697 792 766 videte
818 701 902 768 Intt.
932 703 977 772 ad
997 705 1072 774 Liv.
1091 705 1252 776 XXXIV·

213 837 246 883 2.
269 831 303 882 et
323 813 460 878 Ernest.
481 807 525 874 ad
547 810 658 875 Tacit.
680 806 774 874 Ann.
792 807 886 877 XIII.
910 833 960 899 17.

503 1313 961 1389 CLAUDIUS.

186 1634 194 1651 .
240 1584 292 1660 1.
363 1619 387 1661 n
414 1589 561 1659 aestivis
591 1593 736 1657 cestria.
789 1590 1021 1664 Romanorum
1051 1612 1166 1665 eastra
1192 1597 1253 1665 dn*

209 1684 317 1802 ¹plicis
348 1703 481 1792 generis
510 1713 629 1780 erant,
658 1700 796 1766 aestivo
822 1715 857 1767 et
887 1702 1049 1770 hiberna.
1103 1706 1252 1773 Aestiva

188 1837 193 1845 ·
217 1812 357 1880 mobilia
369 1825 488 1891 erant,
511 1823 546 1872 et
562 1830 663 1896 saepe
682 1807 719 1872 in
737 1819 843 1874 unam
855 1825 993 1876 noctem
1006 1812 1252 1893 -struebantur,

217 1923 256 1988 in
277 1920 400 2010 quibus
421 1915 449 1979 si
467 1937 569 1978 unam
585 1911 767 1980 alteramve
788 1930 925 1980 noctem
944 1935 1156 2002 manerent,
1174 1918 1252 1984 sim·

218 2023 357 2119 pliciter
388 2033 512 2087 castra
538 2015 778 2114 dicebanturt
808 2021 861 2085 sin
890 2018 1017 2088 diutius
1040 2040 1254 2107 manerent,

66 2114 69 2119 Ι
125 2219 128 2224 ¹
177 2149 196 2175 ’·
218 2158 238 2199 a
260 2156 298 2198 re
316 2133 392 2218 ipsa
408 2129 555 2196 stativa.
578 2150 610 2193 v.
630 2127 727 2216 Lips.
753 2124 797 2193 de
814 2126 889 2195 Mil.
909 2130 1006 2198 Rom.
1023 2133 1069 2202 V.
1093 2155 1125 2202 ι.
1233 2176 1236 2183 .

179 2306 181 2310 ,
266 2241 472 2321 Scelerata,
500 2234 524 2302 i.
548 2259 578 2302 e.
604 2234 819 2318 calamitosa,
842 2254 877 2302 et
902 2255 1013 2305 morte
1037 2239 1145 2305 Drusi
1168 2239 1251 2306 inla-

159 2417 161 2421 ,
193 2345 301 2411 mia.
344 2342 431 2409 Nam
451 2343 649 2410 sceleratas
670 2340 847 2409 interdum
870 2342 977 2409 habet
994 2344 1252 2415 calamitatissi·

218 2450 486 2538 gnificationem.
531 2449 589 2516 Sic
610 2446 702 2542 apud
723 2449 798 2517 Liv.
816 2448 844 2515 Ι.
865 2449 919 2518 48.
946 2466 1057 2539 porta
1087 2459 1253 2524 scelerato

199 2559 351 2627 sdicitur
369 2558 412 2622 ab
440 2554 571 2623 infelici
593 2559 687 2624 exitu
706 2535 898 2624 Fabiorum.
943 2558 1003 2625 Sic
1026 2558 1121 2650 apud
1146 2561 1253 2649 Virgil·

219 2669 347 2754 Georg.
366 2667 412 2733 II.
431 2667 506 2733 256.
530 2669 743 2733 acelerctum
753 2665 885 2753 frigus
913 2666 1050 2736 Servius
1080 2685 1179 2735 recte
1198 2692 1250 2735 ex·

198 2799 203 2805 ·
220 2772 323 2865 ponit
340 2793 479 2838 nocens.
502 2793 534 2839 v.
553 2771 681 2840 Duker.
704 2772 747 2840 ad
770 2763 862 2843 Flor.
885 2760 913 2842 Ι.
933 2797 984 2842 12.
1006 2799 1043 2864 p.
1062 2778 1119 2863 96.

267 2882 479 2950 Scribarum
502 2878 672 2946 decuriis.
717 2880 861 2948 Scribere
888 2879 1147 2964 magistratuum
1168 2896 1252 2952 erant

221 2987 382 3056 homines
406 2985 527 3079 liberi,
551 2987 609 3053 sed
631 2983 762 3079 plebeii
788 2984 940 3070 ordinis,
961 2986 1193 3080 inprimisque
1212 2989 1250 3057 li·

222 3097 371 3179 bertini,
394 3097 487 3162 etin
516 3091 673 3161 decurias
697 3094 886 3188 descripti,
911 3094 972 3186 qui
997 3095 1196 3166 mercedem
1217 3118 1251 3164 ex

222 3199 354 3272 aerario
383 3200 610 3290 accipiebant.
633 3227 665 3268 v.
693 3204 767 3271 Cic.
791 3207 899 3274 Verr.
925 3204 986 3270 III.
1012 3204 1176 3292 79.·L'iv.
1200 3199 1251 3271 IX.

222 3309 278 3380 46.
302 3321 336 3372 et
356 3327 440 3396 quos
463 3302 580 3369 laudat
602 3307 738 3374 Ernest.
763 3313 859 3381 Clav.
879 3315 953 3380 Cic.
976 3336 1009 3380 v.
1033 3310 1172 3380 Scriba.

267 3415 335 3484 Ad
355 3405 502 3495 urbem,
524 3414 547 3479 i.
563 3437 593 3479 e.
615 3415 786 3502 usquead
807 3416 949 3504 urbem,
971 3440 1043 3484 non
1057 3420 1254 3503 innrbent,

206 3537 265 3589 nt
294 3522 422 3614 accipit
454 3519 706 3607 Casaubonus,
740 3548 843 3614 quem
871 3523 1000 3592 refellit
1028 3527 1190 3598 Perizon.
1221 3522 1254 3595 ad

202 3632 342 3700 ·Sanct.
364 3631 452 3697 Min.
475 3628 534 3696 IV.
559 3628 591 3696 6.
623 3652 662 3719 p.
687 3633 761 3700 668.

141 3779 151 3791 .
270 3738 522 3812 Honorarium
538 3737 735 3821 tumulum,
759 3739 781 3804 i.
800 3764 830 3813 a.
855 3739 1110 3832 cenotaphium.
1132 3766 1165 3813 v.
1184 3742 1260 3814 Vir·

228 3843 285 3932 gil.
308 3845 396 3910 Aen.
419 3843 480 3910 III.
503 3842 577 3912 504·
603 3858 637 3906 et
655 3843 750 3932 Lips.
775 3845 818 3911 ad
842 3852 953 3918 Tacit.
976 3850 1071 3916 Ann.
1094 3851 1140 3918 Il.
1161 3874 1193 3939 7.

269 3952 506 4020 Decurreret.
528 3951 607 4038 glam
628 3948 871 4042 antiquissimis
893 3958 1104 4048 temporibus
1125 3958 1188 4030 hic
1203 3962 1262 4030 bo·

1210 4088 1264 4136 11⁰¹
