2580 4942
474 325 850 400 TIBERIUS.
1119 342 1178 410 251

141 514 280 601 gionum
304 511 443 581 nomina
463 512 651 599 omittitur,
677 532 713 581 et
736 529 857 581 eontra
873 512 1014 588 urbium
1032 524 1187 592 nomini.

140 620 208 687 bus
233 616 387 688 additur.
410 620 550 692 Sallust.
573 624 646 708 lug.
665 644 697 709 7.
730 647 817 710 quos
841 623 1068 712 Hispaniam
1093 635 1185 700 mit-

138 727 253 794 aetat.
278 727 401 796 Cacsar
423 724 468 794 de
488 730 527 795 B.
551 727 595 794 G.
617 729 677 795 III.
699 753 731 817 7.
755 752 837 794 cum
856 731 1042 811 Illyricum
1050 735 1186 824 profe-

135 842 221 895 ctus
244 847 350 901 esset.
375 836 436 900 ubi
463 861 493 903 v.
518 834 681 903 Oudeud.
704 833 796 902 Mela
818 836 880 902 ΙΙΙ.
900 861 931 925 9.
974 840 1189 930 Aegyptum
1242 849 1244 854 ’

138 938 270 1005 tendit.
293 965 324 1007 v.
348 942 465 1010 Sanct.
495 945 644 1012 Minerv.
665 946 726 1014 IV.
751 947 785 1012 6.
806 968 842 1037 p.
863 946 938 1030 670.
968 960 1002 1008 ct
1029 946 1186 1013 Gronov.

139 1040 186 1108 ad
215 1044 327 1113 Tacit.
347 1048 502 1117 Ann.II.
523 1054 577 1138 59.

186 1151 442 1224 Castrensibus
472 1161 591 1243 ludis,
616 1158 641 1226 i.
668 1183 699 1226 e.
729 1177 815 1247 quos
845 1153 969 1222 milites
993 1159 1184 1228 stationarii

137 1257 287 1344 agebant
306 1259 543 1331 delectationis
567 1288 693 1332 caussa.
717 1288 748 1333 v.
770 1265 908 1333 Ernest.
930 1265 1014 1331 Exc.
1037 1265 1079 1330 ad
1104 1267 1140 1334 h.
1159 1267 1184 1336 l.

181 1369 450 1456 Exaestuarat,
481 1371 505 1438 i.
538 1396 568 1440 e.
591 1372 635 1439 ad
662 1370 823 1440 sudorem
850 1393 958 1463 usque
984 1372 1186 1444 incaluerat.

137 1475 263 1543 Caesar
284 1475 329 1545 de
351 1482 390 1546 Β.
408 1482 451 1548 C.
470 1483 532 1548 ΙΙΙ.
553 1502 605 1570 92·
618 1494 672 1547 ‘ut
692 1481 878 1567 duplicato
909 1501 1020 1545 cursu
1050 1482 1184 1548 Caesa·

136 1584 193 1652 ria
216 1587 351 1651 milites
377 1598 642 1655 exaestuarent.

125 1744 129 1751 .
183 1693 419 1780 Sustentare,
438 1677 597 1763 absolute
621 1689 749 1759 dicitur
773 1717 839 1783 pro
859 1690 1005 1771 durare,
1021 1695 1185 1785 ¹perpeti.

135 1795 213 1864 Liv.
235 1799 400 1870 XXXIV.
423 1801 472 1867 18.
503 1824 588 1881 aec,
620 1800 696 1865 nisi
728 1801 766 1866 in
792 1813 949 1888 tempore
976 1799 1185 1869 subventum

122 1903 258 1992 soret,
290 1909 390 1972 ultra
412 1905 660 1973 sustentaturi
673 1903 836 1992 fuerint.
861 1905 922 1972 ubi
946 1924 976 1969 v.
1006 1904 1182 1975 Drakenb.
1215 1896 1219 1905 ⁸

134 2008 280 2095 Aegroti
295 2034 398 2096 vero,
422 2004 483 2104 qui
501 2012 663 2078 morbum
680 2015 870 2098 sustinent,
889 2038 934 2081 ne
949 2008 1182 2092 decumbant,

132 2115 311 2203 eleganter
328 2146 367 2188 se
388 2133 594 2187 sustentare
617 2118 796 2190 dicuntur.
818 2120 929 2189 Plaut.
947 2120 1058 2189 Stich.
1071 2123 1134 2189 III.
1149 2143 1182 2190 2.
1232 2126 1233 2131 ’

134 2223 191 2292 14.
213 2228 410 2294 valuistirre
429 2228 572 2316 usque?
591 2243 841 2298 sustentatum
863 2238 919 2292 est
941 2228 1075 2295 sedulo.

181 2331 390 2401 Commeatu
415 2334 611 2420 afuturus,
641 2338 664 2404 i.
688 2362 718 2403 e.
749 2331 902 2402 abeundi
931 2332 1030 2400 venia
1055 2335 1179 2424 prose·

134 2452 267 2506 cturus.
299 2435 436 2505 Paullus
461 2443 502 2507 L.
523 2442 575 2509 58.
601 2445 632 2529 §.
655 2466 685 2529 9.
708 2440 751 2507 D.
774 2462 816 2506 cx
839 2441 938 2526 quib.
969 2465 1075 2512 causs.
1099 2447 1179 2513 mai.

134 2547 262 2631 miles,
288 2549 351 2633 qui
373 2564 572 2616 commeatu
597 2549 708 2615 abest.

180 2655 427 2741 Recumbere,
455 2658 478 2724 i.
508 2681 539 2726 e.
562 2655 776 2724 accumbere.
799 2653 947 2722 Phaedr.
965 2658 1027 2727 IV.
1049 2659 1101 2726 24.
1127 2681 1178 2750 19.

133 2763 269 2830 Rediit
290 2763 380 2828 liora
402 2764 530 2848 dicta,
554 2766 731 2832 recubuit.
754 2763 817 2830 ubi
839 2788 871 2832 v.
897 2761 1063 2832 Gadium.

181 2872 350 2953 Iastaas,
374 2895 439 2961 pro
460 2873 609 2962 simplici
631 2890 743 2954 stans,
773 2888 814 2938 ut
841 2869 935 2962 apud
960 2871 1034 2940 Liv.
1053 2872 1098 2938 ΙΙ.
1125 2875 1182 2943 45.

135 2982 277 3047 instare
301 2980 510 3044 instructos.
533 2977 594 3042 ubi
617 3000 648 3042 v.
671 2980 755 3044 Intt.

183 3086 244 3162 73.
291 3082 485 3163 Strictim,
512 3082 536 3148 i.
560 3105 590 3149 e.
613 3083 790 3166 breviter,
812 3086 929 3174 paucis
954 3085 1079 3159 verbis.
1103 3085 1180 3154 Cic.

134 3209 201 3276 pro
231 3184 372 3254 Cluent.
401 3206 450 3249 ιο.
489 3206 572 3248 cum
602 3207 670 3264 ea,
705 3210 796 3271 quae
829 3189 1074 3273 copiosissime
1105 3185 1186 3252 diei

129 3309 309 3382 possunt,
332 3292 486 3358 breuiter
503 3291 731 3382 strictimque
751 3296 935 3361 dicuntur.
958 3291 1051 3360 Mela
1069 3290 1182 3380 praef.

139 3402 277 3469 Dicam
305 3401 397 3467 alias
412 3398 526 3484 plura
552 3411 590 3463 et
619 3404 804 3468 exactius:
835 3423 930 3467 aune
950 3411 993 3463 ut
1020 3418 1181 3484 quaeque
1208 3383 1214 3391 ’

133 3522 244 3576 erunt
265 3505 492 3584 clarissima,
515 3518 551 3573 et
569 3508 742 3575 strictim.

180 3615 333 3697 Iudice,
355 3614 379 3680 i.
407 3636 436 3678 e.
461 3608 624 3678 delatore.
647 3614 721 3683 Cic.
746 3634 813 3700 pro
838 3611 978 3678 Muren.
1002 3597 1055 3678 ul.
1102 3610 1179 3679 Ca·

138 3723 282 3790 tiiiaam
310 3724 488 3789 vallatum
516 3719 698 3786 indicibus
728 3729 838 3805 atque
869 3719 1028 3786 sicariis.
1066 3721 1181 3788 Tacit.

138 3830 234 3898 Ann.
257 3828 317 3897 IV.
336 3829 389 3895 28.
412 3829 518 3895 iudex
541 3826 638 3893 idem
663 3837 702 3891 et
723 3826 834 3891 testis
847 3824 1001 3892 dicebat.
1026 3827 1179 3894 Gronov.

138 3935 183 4004 ad
209 3934 322 4000 Tacit.
345 3933 440 4002 Anu.
467 3938 528 4005 IV.
554 3937 607 4023 59.
631 3955 662 3999 v.
691 3930 774 3994 Iutt.
802 3927 845 3995 ad
867 3930 1018 4002 Phaedr.
1041 3934 1130 4026 prol.
1154 3931 1179 3999 l.

138 4045 199 4112 lli.
224 4044 277 4113 45.
301 4056 334 4107 et
357 4041 491 4109 Ernest.
519 4041 613 4108 Clav.
636 4039 710 4105 Cic.
732 4035 768 4104 h.
793 4061 824 4105 ν.
1084 4139 1122 4205 J'

1105 4162 1181 4207 ‘re-
