2580 4942
213 236 281 331 352
473 228 1026 313 vcsststalttt&

262 432 476 504 Coactiones
491 421 727 516 argentarias
736 421 954 510 factitavit,-
976 422 1046 489 ic·
1069 422 1256 523 coegitpes

218 545 376 625 cuniam,
399 559 487 629 quae
509 533 701 600 debebatur
714 532 915 617 argentariis
928 530 971 599 ab
991 530 1072 619 his,
1094 536 1161 626 qni
1179 536 1256 629 qaid

216 655 256 727 in
279 647 494 719 au'ctio'nihus
512 640 684 713 emissent.
730 638 834 707 Tales
851 637 1069 726 colligendae
1096 647 1257 739 pecunias

216 758 368 831 ministri
395 765 577 822 coactores
600 745 817 815 dicebantur.
848 771 882 815 v·
900 748 1019 822 Horat.
1037 752 1071 822 Ι.
1094 753 1255 827 sams

217 872 274 941 86.
297 883 333 934 ct
353 867 437 931 Intt.
455 856 594 929 ad'cic.
614 877 681 945 pro
697 852 835 923 Cluent.
856 855 908 925 64.

255 975 449 1047 Publicnm
465 966 569 1055 egit,
596 965 620 1032 i.
637 987 668 1031 e.
688 961 896 1058 publicanus
915 962 1007 1034 fuit.-
1036 967 1180 1039 Seneca
1194 969 1268 1067 Epi·

217 1111 290 1176 ²19·
320 1084 358 1150 in
387 1073 482 1169 qnod
500 1097 555 1141 me
581 1094 684 1139 mare
709 1075 964 1160 negotiaturus
989 1077 1262 1165 immitterem,·

214 1197 309 1292 qnod
320 1190 508 1284 publicum
521 1180 717 1268 agitarem.
753 1199 786 1244 v.
797 1177 950 1247 Gronov.
964 1181 1010 1251 ad
1024 1184 1147 1260 Tacit.
1165 1186 1251 1275 dnn.

214 1307 276 1376 IV.
293 1305 325 1370 6.
356 1295 548 1367 Publisnm
568 1309 672 1375 saepe
692 1283 848 1353 absolute
868 1283 999 1356 dicitnr
1015 1313 1087 1383 pro
1104 1292 1250 1379 vectiga-

214 1411 262 1494 li,
284 1424 323 1473 ut
343 1430 363 1471 a
382 1403 549 1469 Cicerone
569 1417 636 1489 pro
656 1393 754 1460 Balb.
774 1398 826 1463 15.
862 1393 958 1462 unde
971 1397 1174 1482 publicani
1189 1420 1248 1467 no·

213 1543 294 1591 men
317 1514 461 1581 habent.
488 1530 521 1575 r.
539 1496 755 1571 Brisson.·de
773 1502 818 1570 V.
837 1500 874 1569 S.
896 1522 929 1571 r.
951 1500 1132 1573 Publicus.

216 1652 224 1663 ·
263 1616 586 1710 Quadragess'mae.
615 1610 666 1676 De
681 1603 937 1696 quadragesima
955 1611 1148 1699 mercium,
1171 1634 1247 1705 qaas

213 1726 509 1822 importabantur,
531 1723 700 1790 altum.
720 1711 764 1781 de
785 1716 919 1803 Vectig.
936 1718 983 1788 V·
1004 1740 1044 1809 p·
1062 1719 1117 1791 64.

256 1832 478 1922 Praefectus
499 1841 703 1899 castrorum
722 1839 795 1908 est,
818 1825 880 1914 qui
897 1842 1090 1893 castrorum
1105 1824 1255 1920 positio·-

213 1974 315 2030 nem,
336 1936 417 2011 valli
439 1951 475 2002 et
494 1933 601 2000 fossae
623 1931 916 2017 designationem,
939 1930 1169 2001 tabernacula
1187 1935 1246 2002 mi·

212 2062 316 2128 litum
331 2071 415 2117 cnm
434 2035 714 2127 impedimentis,
748 2052 815 2104 etc.
853 2037 1007 2104 curabat.
1060 2037 1149 2109 Eius
1173 2064 1244 2111 mue

216 2191 301 2251 nus,
335 2152 430 2253 quod
458 2149 596 2216 demum
616 2143 689 2210 -snb
717 2142 919 2210 Caesaribus
951 2143 1154 2217 institutum
1184 2160 1260 2235 est,¹

216 2265 385 2342 describit
409 2261 529 2342 Veget.
549 2252 595 2321 11.
618 2273 669 2321 ιο.
705 2272 738 2320 v.
765 2250 862 2340 Lips.
890 2247 935 2316 ad
964 2251 1081 2323 Tacit.
1107 2256 1244 2326 Anni.
1289 2316 1290 2319 ,

213 2406 269 2452 20·
291 2380 377 2445 Exc.
395 2368 439 2435 Η.
1268 2352 1272 2359 ’

255 2488 375 2554 Locus
398 2475 450 2544 ad
476 2481 615 2539 sextum
633 2465 850 2539 ‘milliarium
875 2466 1044 2536 euntibus
1076 2483 1148 2537 etc.
1198 2468 1245 2539 sis

211 2596 288 2664 Liv,
313 2590 341 2656 Ι.
365 2586 396 2653 8.
430 2584 547 2659 loona,
588 2578 652 2666 qni
680 2599 776 2642 nunc
801 2589 926 2663 septus
955 2576 1244 2645 descendentibus

214 2708 310 2771 inter
341 2694 429 2760 dnos
462 2690 561 2755 Incos
583 2700 650 2753 est.
681 2681 742 2750 uhi
773 2679 865 2747 hanc
888 2679 1060 2772 loquendi
1086 2686 1245 2753 rationem

212 2806 362 2876 illustrat
385 2798 537 2865 Gronov.

216 2964 219 2971 .
256 2913 429 2993 Manceps
448 2918 518 2985 cst,
542 2900 603 2990 qui
627 2895 760 2991 aliquid
784 2896 1052 2981 conducit‚'aut
1074 2918 1140 2967 suo
1155 2899 1244 2990 peri·

216 3017 295 3085 culo
313 3009 510 3079 faciendum
526 3007 677 3074 redimit.
708 3032 739 3075 v.
762 3009 837 3073 Cic.
855 3006 898 3072 ad
919 3008 997 3074 Div.
1010 3009 1055 3077 V.
1078 3028 1134 3076 20.
1156 3024 1191 3076 et
1202 3006 1246 3073 ibi

210 3126 345 3193 Manus.
382 3118 449 3201 ‘Sic
472 3134 641 3203 manceps
665 3138 859 3204 operarum
879 3113 916 3180 h.
933 3113 958 3181 l.
990 3116 1051 3206 qui
1076 3117 1242 3208 operarios

213 3227 398 3308 conducit,
427 3241 466 3289 ut
489 3247 606 3289 corum
624 3223 738 3311 operis
758 3224 802 3289 ad
826 3240 1003 3316 quaestum
1027 3238 1171 3295 utaturs
1202 3224 1245 3291 sic

210 3336 389 3430 publicani
418 3334 609 3419 mancipes¹
631 3329 797 3398 dicuntur
819 3357 838 3396 a
864 3331 1033 3398 Cicerone
1063 3354 1136 3425 pro
1153 3334 1243 3401 Dom.

217 3472 268 3514 ro.
292 3445 373 3538 quia
386 3439 528 3534 publica
543 3438 726 3528 ⁸vectigalia
738 3436 925 3508 redimunt.
948 3462 980 3508 r.
994 3435 1139 3506 Ernest.
1157 3436 1243 3515 Clas.

129 3548 135 3559 ’
210 3550 395 3620 fficbn
630 3622 678 3637 ,Ι
959 3626 965 3635 Ι

212 3714 217 3725 .
262 3658 299 3737 2,
343 3656 589 3744 Incunabula,
610 3682 714 3750 ,saepe
736 3650 900 3728 dicuntur
920 3647 1080 3740 deloco,
1103 3658 1168 3725 ubi
1185 3671 1243 3725 nat

211 3775 269 3825 aut
289 3756 425 3826 educati
438 3783 572 3851 ¹sumus.
627 3761 702 3826 Cic.
723 3757 768 3825 ad
787 3759 860 3826 Ast.
880 3758 926 3823 ΙΙ.
947 3758 997 3824 15.
1020 3779 1088 3847 ego
1105 3782 1194 3827 vero
1212 3760 1246 3825 in

207 3869 351 3955 patrios
373 3883 509 3935 montes
532 3882 569 3935 et
586 3870 637 3935 ad
654 3866 871 3957 incunabulo
884 3878 1010 3934 nostra
1020 3887 1198 3959 pergam,
1218 3920 1222 3927 .

255 3972 430 4059 Extnds't,
453 3977 474 4045 i.
495 4000 524 4046 e.
547 3976 699 4047 extorsit.
721 3972 837 4048 Valer.
860 3968 952 4042 Max.
966 3970 1016 4047 V·
1034 3994 1066 4043 2.
1089 3998 1143 4068 19.
1158 4000 1247 4067 per·

1194 4104 1249 4159 δί’,

127 4524 305 4666 ἢ
