2580 4942
394 293 797 367 cau1ouua
1051 312 1116 382 au

114 484 304 566 innoxius,
327 478 433 546 antire
452 475 582 545 dicitur
600 505 666 569 pro
688 482 776 550 nihil
796 508 937 555 nocens.
959 485 1111 562 Phaedr.

66 597 112 666 ll.
137 619 164 662 ι.
188 592 220 660 4.
245 588 419 674 innoxius
446 589 582 658 Viator
608 605 665 660 est
694 592 873 662 deductus
900 596 1114 679 ineundam

63 707 192 772 locum.
216 696 277 762 ubi
297 717 329 761 v.
351 695 436 762 Intt.
1107 702 1109 707 '

109 809 192 875 Diu
211 800 370 869 vexanti.
398 800 493 866 Bene
512 803 698 873 emendant
718 807 783 875 viri
803 806 898 875 doeti
916 811 1113 880 divexanti-

63 920 149 988 Ner.
169 914 221 983 34.
244 933 356 999 neque
374 910 413 977 in
434 910 632 984 diuexanda
651 929 769 983 matre
795 918 989 1009 quiequam
1002 923 1115 1008 pensi

63 1025 207 1096 tatuit.

108 1129 388 1214 Deuotionitut,
407 1129 431 1196 i.
453 1152 482 1196 e.
501 1127 710 1198 carminibus
732 1133 889 1219 magieis,
906 1135 1032 1226 quibus
1048 1160 1111 1204 ea·

64 1257 131 1331 put
163 1239 361 1305 Germanici
390 1237 461 1302 Diis
497 1236 618 1301 inferis
650 1235 744 1304 velut
772 1243 1049 1311 consecrabatur.
1077 1270 1110 1314 v.

13 1434 19 1444 .
64 1349 178 1414 Tacit.
202 1345 297 1411 Ann.
319 1345 363 1410 II.
386 1348 439 1433 69.
485 1348 596 1434 Saepe
622 1369 702 1413 vero
728 1347 908 1434 veneficia
935 1363 971 1413 et
1003 1351 1111 1418 dero-

35 1461 176 1527 =tiones
199 1455 480 1538 coniunguntur,
504 1452 598 1546 quod
622 1456 683 1545 qui
712 1446 864 1519 carmina
884 1479 923 1521 ae
950 1452 1109 1524 devotio·

62 1590 126 1631 nes
149 1560 381 1642 adhibebant,
400 1558 467 1626 1his
495 1560 568 1628 fere
592 1584 764 1628 venenum
783 1558 913 1627 addere
941 1559 1110 1631 solebant.

60 1699 92 1744 v.
115 1671 242 1738 Duker.
268 1666 310 1733 ad
334 1667 409 1735 Liv.
434 1668 531 1759 Epit.
548 1671 643 1741 VIII.

103 1781 206 1844 More
233 1778 423 1841 maiorum.
468 1777 544 1841 Mos
572 1792 644 1841 erat
665 1773 758 1863 apud
790 1776 982 1862 Romanos,
1015 1801 1109 1868 quo·

60 1888 123 1973 tios
143 1883 290 1949 amicitia
308 1880 549 1965 dirimeretur,
575 1882 787 1952 sollemniter
802 1910 876 1952 eam
894 1886 1107 1953 renuntiare·

59 2018 91 2065 r.
118 1991 232 2059 Tacit.
252 1989 347 2055 Anu.
368 1989 410 2056 II.
430 2012 483 2077 70·
508 2004 543 2054 et
562 1989 612 2056 ibi
637 1992 733 2078 Lips.
758 1990 843 2059 Ere.
867 1993 908 2061 L.

11 2138 30 2147 -’
102 2100 311 2170 Mandoret.
356 2097 501 2185 Proprie
530 2093 618 2166 dicit
639 2118 706 2186 pro
730 2097 876 2193 iuberet.
921 2099 984 2169 Est
1011 2101 1107 2170 euim

56 2208 240 2306 proprium
253 2204 397 2271 verbum
416 2203 461 2270 de
484 2205 731 2287 morientibus,
755 2229 833 2271 eum
853 2202 995 2293 dicunt,
1018 2204 1105 2297 quid
1153 2250 1155 2254 ·

57 2335 138 2417 post
165 2331 311 2383 mortem
335 2311 412 2377 fieri
438 2311 557 2379 velint.
581 2336 612 2380 v.
635 2313 781 2380 Brissou.
801 2310 846 2379 de
863 2313 908 2380 V.
930 2314 967 2380 S.
1000 2378 1001 2382 ,
1182 2312 1184 2319 ’

109 2421 146 2497 4.
192 2425 374 2490 Fructum
403 2419 505 2498 tulit,
528 2418 551 2484 i.
576 2443 606 2484 e.
636 2420 827 2507 proemium
848 2420 955 2508 cepit.
988 2422 1105 2512 Nepos

57 2523 167 2593 Attio.
182 2525 213 2591 5.
230 2521 388 2609 pietatis
399 2515 572 2605 fructum
591 2520 688 2586 tulit.
730 2523 914 2588 Fructum
929 2525 1105 2611 percipe·

58 2657 99 2705 re
116 2649 168 2703 est
191 2631 276 2714 Aug.
302 2629 353 2695 28.

102 2738 357 2818 sturwoldis,
380 2736 404 2802 i.
428 2762 458 2804 e.
484 2736 539 2802 cui
558 2735 704 2803 favetur.
727 2735 811 2803 Ner.
832 2739 887 2824 57.
901 2733 1107 2824 favorabile

56 2871 185 2918 nomeu
213 2847 291 2910 eius
322 2845 424 2931 apud
451 2848 607 2915 Parthos
630 2844 727 2931 fuit.
758 2838 852 2912 Vell.
881 2845 951 2913 Pat.
978 2844 1023 2912 ΙΙ.
1050 2844 1105 2913 34.

45 2951 400 3049 favorabilem-feeit
421 2953 646 3036 triumphum
666 2953 803 3020 invidia
825 2952 1017 3052 alterius..
1101 2973 1104 2982 ·

103 3062 410 3140 Pronuntiatum‚
432 3059 456 3124 i.
486 3084 516 3126 e.
541 3060 682 3149 publice
707 3054 920 3124 mandatum.
943 3057 1026 3126 Tib.
1050 3057 1106 3130 58·

54 3171 221 3260 quamuis
241 3191 348 3254 saepe
357 3172 647 3256 pronuntiasset.

99 3275 292 3365 Effudiase
314 3299 363 3342 se.
387 3277 462 3344 Liv.
487 3276 684 3348 XXXVIII.
709 3277 741 3345 6.
819 3271 824 3282 ’

110 3387 146 3459 5,
168 3385 357 3472 Lapidata
378 3400 460 3446 sunt
479 3381 627 3477 templa,
651 3382 747 3473 quasi
763 3381 989 3449 Germanicus
1008 3382 1105 3448 Deo·

50 3509 137 3553 rum
160 3484 261 3575 culpa
282 3485 450 3578 periisset.
472 3507 503 3551 v.
527 3480 680 3570 Iutt.ad
700 3481 735 3549 h.
757 3482 782 3549 l.
826 3486 1016 3572 Lapidare
1039 3506 1104 3552 ve-

50 3611 148 3685 ¹teres
180 3592 301 3659 dicunt
330 3615 396 3682 pro
425 3589 601 3681 lapidibus
632 3589 765 3682 pluere.
817 3590 969 3660 Suetonii
993 3604 1104 3657 aetate

52 3698 131 3764 diei
155 3702 266 3792 coepit
287 3725 353 3790 pro
373 3697 550 3792 lapidibus
575 3699 734 3767 obruere.
762 3722 794 3767 v.
819 3697 912 3766 Flor.
933 3699 962 3766 Ι.
990 3717 1043 3764 22.
1071 3681 1110 3763 a.
1151 3706 1163 3717 “’

52 3825 94 3876 et
117 3806 169 3872 ibi
193 3805 319 3874 Duker.

100 3914 220 3985 Lares
239 3911 473 3999 familiares,
505 3934 585 3985 sunt
606 3938 721 3985 manes
748 3913 933 3999 maiorum,
958 3937 1109 4007 quorum

1013 4044 1101 4090 rma-
