2580 4942
409 349 781 422 'rtararos
1052 327 1151 434 m*

49 542 246 611 curiatum
266 536 508 624 dignitatem,
530 535 596 604 aeci
615 548 652 605 et
671 535 852 606 commocio
878 538 992 610 auxit.
1016 539 1102 632 Sup.

10 650 16 663 '
48 652 109 716 50.
144 657 188 712 ut
215 645 423 708 commercio
445 642 630 708 hominum
645 643 738 731 frui
760 647 941 733 uetuerit,
970 642 1036 718 aed
1064 644 1102 719 et

40 752 193 841 peculio
201 748 413 836 fraudarit.
435 770 468 816 v.
491 746 657 842 Oudend.
678 746 723 814 ad
746 749 783 816 Ιι.
806 751 832 819 Ι.
919 820 922 826 ,

97 855 258 924 Felicem
284 852 366 921 eibi.
410 851 547 921 Alludit
572 854 615 919 ad
639 879 827 941 cognomen
855 863 980 947 Faue,
1004 852 1100 954 quod
1191 941 1195 949 ,

47 963 153 1034 Sulla
170 976 382 1031 assumserat.
405 961 523 1028 Aurel.
543 964 665 1032 Victor
685 962 729 1029 de
748 967 791 1034 V.
812 965 867 1034 Ill.
881 972 935 1055 75.
954 968 998 1037 de
1016 971 1099 1041 sul-

43 1073 106 1143 lae
132 1074 234 1140 Saue
251 1093 350 1156 puer
373 1069 443 1136 tibi
463 1082 502 1135 et
526 1070 745 1155 reipublicae
769 1086 855 1140 tuoe
865 1075 973 1162 felix.
1082 1090 1086 1097 “

96 1186 144 1250 Si
168 1184 254 1265 vio,
291 1177 457 1270 frequens
479 1193 530 1242 est
561 1161 778 1244 concedendi
801 1179 960 1252 formula.
991 1185 1096 1252 ovid.

44 1293 118 1386 Ep.
142 1290 235 1359 XVI.
260 1290 334 1357 551.
378 1286 500 1371 tinge
525 1297 672 1366 tomen,
696 1289 731 1354 ri
751 1289 832 1373 vis,
855 1290 983 1377 iugem
1009 1315 1096 1362 con*

40 1421 201 1485 ourgere
228 1398 366 1463 bellum.
390 1394 558 1461 r.Bu1·.m
582 1392 684 1460 adh.
707 1393 734 1462 l.
838 1465 840 1468 ,

95 1505 229 1572 Fidem
237 1503 358 1590 feroit
380 1501 403 1567 i.
419 1522 448 1565 e.
469 1497 570 1580 fecit,
593 1515 633 1563 ut
654 1503 866 1572 crederetur.
890 1505 995 1574 ovid.
1011 1510 1097 1577 Meta

47 1616 113 1684 VI.
138 1615 212 1682 566
258 1613 312 1678 Ει
338 1610 510 1676 lacrimae
526 1607 654 1690 secere
666 1611 705 1697 s
706 1611 797 1677 dem
821 1634 851 1678 v.
876 1613 959 1683 Ner.
983 1639 1015 1701 7.
1005 1618 1097 1684 .-Ο

45 1717 151 1788 thon.
177 1739 227 1784 ιο.
250 1731 284 1782 et
304 1713 478 1780 Drakenb.
500 1710 545 1778 ad
570 1712 645 1778 Liv.
665 1714 708 1779 ΙΙ.
732 1714 785 1782 24.

97 1823 162 1898 60,
200 1821 429 1905 Erepoisset,
450 1819 472 1887 i.
492 1842 522 1885 e.
541 1815 736 1886 clanculum
755 1818 1000 1906 adscendisset.
1020 1826 1117 1895 Lu:

47 1943 129 1988 can.
153 1921 212 1988 III.
232 1923 306 1989 600.
353 1921 456 1987 Dum
477 1921 582 2006 rupit
606 1921 643 1984 in
668 1923 803 1987 socium
827 1924 991 2017 Gyareus
1011 1939 1094 1997 ere'-

33 2045 136 2118 pere
149 2030 319 2115 puppim.
343 2049 374 2094 v.
397 2027 551 2094 Gronov.
575 2020 619 2090 ad
646 2024 767 2092 Seuer.
790 2024 966 2095 Phoeniss.
993 2027 1089 2098 ἰι2.

91 2130 370 2216 Gratulanti‚
359 2152 383 2195 1.
407 2153 437 2195 e.
460 2128 532 2195 Diis
557 2129 680 2214 gratias
707 2133 833 2224 agenti.
869 2133 942 2202 Cal.
967 2137 999 2205 6.
1031 2161 1096 2203 ex-

33 2239 286 2330 pergefoetus
317 2251 373 2305 ert
397 2235 668 2325 gratulantium
692 2242 851 2309 vocibus.
895 2222 976 2329 Vim
998 2222 1097 2311 veriti

41 2345 199 2437 explicat
230 2346 388 2413 Perizou.
427 2342 482 2408 ad.
499 2344 615 2410 Sanct.
647 2344 737 2412 Min.
764 2347 792 2413 I.
830 2370 858 2415 1.
891 2350 922 2418 6.
955 2324 1056 2415 de
1025 2373 1098 2418 erus

41 2455 307 2522 constructione
328 2451 529 2537 agitBurm.
552 2445 595 2512 ad
619 2447 767 2516 Phaedr.
787 2434 849 2522 IV
871 2456 966 2522 252
948 2476 1000 2541 2.7

94 2564 137 2632 V
133 2563 316 2643 eridane,
348 2557 401 2625 vel
425 2556 574 2633 uiridia
589 2549 756 2647 dicuutur
778 2556 935 2639 loca·,1u
969 2560 1095 2649 quibus
1213 2571 1225 2595 .

45 2686 131 2737 sunt
152 2670 316 2749 arbores,
340 2665 467 2732 herbae
486 2677 520 2732 et
536 2640 677 2756 plantae
700 2661 865 2730 viventes.
887 2685 918 2731 v.
942 2650 1092 2737 Phaedri

47 2773 461 2844 stumuffimm

31 2936 35 2943 .
92 2883 327 2961 Veliehotur,
350 2880 373 2945 i.
397 2902 427 2945 e.
450 2879 655 2963 gestabatur
680 2859 802 2945 Claud.
828 2881 879 2947 28.
903 2886 965 2948 oui
986 2884 1093 2952 iecti-

10 3030 17 3073 :
49 3017 91 3067 co
108 3015 180 3080 per
203 2989 326 3058 urbem
345 2986 536 3054 vehendi
522 3009 580 3052 tua
601 2986 743 3055 tribuit.
768 3008 799 3054 v·
826 2971 980 3056 Gronov.
1006 2993 1093 3060 Obs.

49 3139 165 3280 61
204 3205 367 3293 Exequi,
400 3199 493 3271 idern
521 3217 572 3266 est
604 3198 698 3292 quod
715 3183 909 3289 persequi,
933 3214 1092 3290 aecurate

48 3321 82 3372 et
111 3305 213 3398 plene
235 3327 397 3384 narrare,
429 3299 612 3394 explicare.
644 3298 760 3370 Valer
788 3291 1036 3399 MamVI'LJ.
1065 3328 1092 3372 1.

48 3419 123 3520 iota
142 3429 182 3481 ut
197 3416 340 3494 ordine,
360 3434 427 3498 quo
439 3410 640 3496 proposui,
660 3407 826 3495 exequor.
843 3390 983 3479 Gatb.”
964 3436 994 3482 o
1017 3416 1092 3480 elo-

47 3523 115 3608 gio
134 3522 295 3587 uniuersi
310 3518 457 3606 generis
477 3537 603 3635 exequi
599 3514 771 3602 'longum
792 3530 858 3583 est.

91 3627 348 3713 Exempmrie,
370 3625 394 3691 i.
412 3647 443 3690 e
465 3620 671 3712 specimina,
694 3643 713 3687 e
740 3618 866 3710 quibus
892 3632 1004 3686 cetera
1029 3643 1092 3688 oo-

10 3762 14 3769 ·
48 3732 169 3818 gnosoi
193 3733 337 3822 possintt

17 3857 21 3865 ’
97 3838 476 3921 cessavttdtes‚1.e.
499 3836 720 3909 vacuusfuit.
766 3837 861 3906 Diei
882 3820 1095 3924 voltemput

47 3942 179 4008 dicitur
203 3965 371 4026 cessare,
400 3943 462 4011 sed
487 3944 560 4012 sere
587 3940 744 4040 addito
742 3944 881 4012 nomine
908 3943 980 4029 rei,
1013 3967 1099 4034 quae

43 4075 109 4141 per
128 4049 163 4119 it
187 4066 318 4145 tompus
340 4067 454 4127 cessat
465 4068 500 4120 et
525 4034 779 4121 intermittitur.
806 4053 936 4122 Lucan.
961 4039 1019 4122 IV
1046 4050 1097 4117 24

496 4158 660 4251 Q*
641 4178 659 4225 5
1004 4139 1097 4226 Pii-
