2632 4974
136 312 210 384 mc-
478 281 854 379 memus.

134 515 216 566 men
235 507 373 577 everunt
398 503 436 558 et
456 490 705 560 consternatus.
738 490 883 562 Terent.
901 479 1023 565 Andr.
1034 496 1064 568 1.
1080 517 1113 569 r.
1128 501 1174 592 98.

127 600 319 697 percussit
341 600 438 666 illico
457 598 632 668 animum.
675 599 727 667 De
745 598 872 670 horum
886 602 1077 672 verborum
1104 603 1175 675 dis-

138 711 283 781 crimine
315 731 347 776 ν.
367 709 451 774 Intt.
475 701 518 768 ad
545 700 649 772 ovid.
675 703 762 777 Met.
785 706 845 778 IV.
868 710 943 778 158.
973 711 1117 781 Ernest.
1136 714 1175 782 ad

137 818 251 886 Tacit.
274 816 318 884 Η.
338 817 402 883 111.
426 816 479 883 56.
502 807 663 906 inprimis
684 832 847 898 magnum
864 816 1010 890 Bentlei.
1033 821 1081 890 ad
1104 825 1174 893 Ho-

132 942 200 997 rat.
223 919 338 1013 Epod.
360 920 422 987 XI.
445 915 524 983 init.

149 1034 318 1117 spumea
341 1029 524 1127 ringulae.
580 1027 718 1095 Tamen
745 1028 876 1100 dicitur
903 1055 972 1128 pro
1002 1037 1177 1134 deniqne,

132 1137 301 1209 undem:
321 1138 465 1206 Terent.
497 1136 619 1203 Heaut.
646 1135 710 1203 ΠΙ.
733 1159 766 1206 2.
794 1164 824 1209 1.
857 1143 1112 1218 inveniendum
1129 1165 1180 1219 ert

134 1261 256 1319 taurea
277 1243 777 1336 argentum.rropert.11.5.
796 1249 828 1316 5.
858 1249 1054 1334 Inveniam,
1066 1269 1179 1325 tamer

132 1382 152 1424 e
176 1354 301 1421 multie
316 1350 518 1439 fallacibuc
541 1375 662 1420 uuam.
692 1373 726 1420 v.
741 1354 832 1438 ¹Intt.
860 1355 905 1424 ad
926 1358 963 1430 h.
984 1359 1011 1428 l.
1035 1377 1075 1429 et
1098 1385 1179 1454 quac

132 1463 324 1538 notavimus
350 1457 395 1530 ad
420 1456 528 1527 Rutil.
551 1461 643 1552 an.
665 1461 693 1529 Ι.
715 1483 753 1550 p.
770 1462 824 1530 50.

81 1645 83 1650 ,
174 1569 479 1658 Autieapliietae,
499 1566 574 1636 ne.
586 1568 837 1636 conuariarum
856 1584 1029 1644 rectarum
1051 1569 1176 1654 212222·Ι

129 1701 197 1752 res.
217 1703 254 1748 r.
277 1675 321 1746 dc
337 1677 492 1745 Gramm.
512 1698 545 1763 9.
645 1726 650 1737 ,

174 1789 336 1872 Sensim,
356 1785 381 1853 i.
402 1806 435 1850 e.
457 1778 567 1865 clam,
590 1781 706 1854 tacitos
728 1783 813 1852 Ner.
837 1789 892 1856 26.
923 1787 1176 1860 crudelitatem

127 1897 264 1966 ccueim
289 1905 329 1962 et
358 1891 495 1957 occulte
529 1891 704 1957 exercuit.
735 1891 853 1980 Nepos
879 1890 953 1963 Ate.
977 1919 1010 1986 9.
1045 1897 1177 1964 remim

26 2064 30 2074 ,
126 2009 155 2079 'a
182 2000 361 2071 nonnullis
392 1997 630 2086 optimatibus
664 1998 1006 2086 reprehendebatur.
1036 2003 1115 2070 -ubi
1143 2027 1173 2072 r.

126 2112 292 2198 Heusing.
1018 2132 1021 2137 ⁴

144 2247 148 2253 ·
173 2223 270 2294 Voce
289 2216 493 2307 praeccuie.
536 2212 627 2279 Reus
649 2212 819 2280 citabatur
849 2235 868 2278 e
895 2203 1065 2283 tribunali
1093 2242 1175 2289 voce

126 2326 322 2425 praeconis.
346 2349 379 2395 v.
403 2324 477 2392 Cic.
500 2323 604 2393 Verr.
627 2325 677 2395 V.
695 2340 728 2411 7.‘
751 2335 787 2387 et
808 2317 959 2391 Brisson.
976 2318 1035 2392 ‘de
1050 2327 1186 2397 Foru..

122 2442 177 2519 r:-
192 2461 230 2531 p.
248 2435 323 2504 445.
1021 2491 1024 2497 f
1210 2424 1212 2512 ἱ

142 2576 146 2584 ·
166 2542 381 2632 Repudium
404 2533 625 2607 remieeum'
649 2534 855 2602 Remittere
875 2535 914 2604 in
937 2537 1004 2607 hnc
1024 2541 1169 2615 formula

122 2655 268 2749 panitur
291 2672 357 2740 pro
380 2648 529 2738 simplici
548 2647 698 2712 mittere.
742 2643 830 2708 Nam
851 2667 925 2710 mos
953 2666 1048 2736 erat,
1072 2679 1166 2722 nnn·
1210 2664 1212 2709 Ι

121 2755 249 2833 ’212222
272 2771 373 2820 testes
398 2757 557 2838 mittere,
582 2754 642 2843 qui
666 2749 768 2815 certis
794 2750 920 2818 ritibus
944 2779 1093 2846 sponsae
1116 2762 1165 2832 rei

121 2866 223 2937 u'x'ori
237 2855 423 2950 repudium
437 2861 684 2946 significarent.
699 2859 844 2925 Terent.
864 2861 1003 2933 Phorm.
1019 2869 1066 2940 V.
1075 2894 1109 2958 7,
1118 2873 1171 2940 35,.

126 2976 218 3044 Gum
232 2969 352 3037 vectri
370 2969 514 3034 lionoris
532 2993 663 3036 caucea
683 2969 875 3054 repudium
895 2970 1036 3040 alterae
1056 2980 1163 3044 remi·

121 3082 242 3149 terim.
285 3077 326 3142 In
348 3072 456 3161 Calig.
481 3081 534 3146 56.
554 3093 610 3169 ρει
634 3080 780 3145 mittere
807 3083 1020 3170 repudium:
1059 3083 1161 3150 Simi-

112 3171 202 3259 liter
212 3185 423 3249 renuntiare
438 3183 632 3267 repudium
641 3180 771 3251 dieitur
784 3211 851 3279 pro
860 3174 1033 3258 nuntiare.
1057 3191 1159 3259 Plant.

119 3292 201 3369 Aul.
218 3295 280 3363 IV.
308 3315 359 3359 ιο.
378 3293 433 3359 55.
477 3287 518 3352 Ir
543 3313 712 3356 menuae
735 3297 949 3363 reauuciare
973 3303 1160 3388 repudium

119 3402 233 3472 iuccit
250 3400 330 3466 tibi.
355 3397 498 3466 Terent.
514 3394 652 3462 Phorm.
672 3399 732 3469 IV·
751 3403 781 3468 5.
806 3403 859 3468 52.
882 3403 954 3469 illie
974 3408 1160 3494 repudium
1187 3452 1190 3459 ·

122 3511 319 3585 renuntiet.
341 3532 373 3578 v.
397 3507 435 3574 P.
458 3505 611 3570 Fabrum
633 3505 795 3575 Semestr.
820 3510 863 3576 II.
883 3514 936 3581 25.

135 3617 430 3684 Ὀοννοόοναιίε.
461 3612 536 3680 scil.
567 3615 693 3700 gratia,
726 3617 939 3684 auctoritate.
973 3616 1159 3689 (12222221

120 3721 271 3798 012221
303 3728 380 3794 Div.
405 3725 500 3808 XIII.
529 3748 579 3794 ιο.
611 3724 786 3813 explicat,
819 3723 900 3814 quia
928 3724 1160 3800 adolevissent.

118 3835 236 3910 Minus
261 3837 363 3902 bene.
627 3817 629 3825 Ι

166 3940 417 4025 Tutautibur,
446 3937 472 4010 i.
500 3963 531 4010 e.
561 3936 864 4032 defendentibus,
896 3936 1158 4014 vindicantibus.

1086 4053 1156 4122 Te·
