2580 4942
172 281 272 355 ’δώ
537 271 932 344 CLAUDIUS.

71 438 75 446 Ι
178 522 184 538 .
260 462 322 538 32.
365 459 575 549 Adfulcm
602 462 802 541 lectorum,
823 458 847 523 i.
870 480 901 523 e.
923 455 960 521 in
984 455 1051 523 ima
1076 476 1183 551 parta
1200 458 1249 529 lt⁴

216 577 363 634 ctorum.
407 563 458 629 De
482 582 577 627 more
599 557 745 626 sedendi
765 555 913 623 diximus
930 553 975 627 ad
995 557 1084 642 Aug.
1103 560 1160 629 64.
1223 592 1226 597 -

185 704 189 709 ·
257 669 573 750 Excontinentic,
592 665 667 735 scil.
679 667 826 734 ventris.
848 688 879 730 v.
890 664 975 731 Intt.
991 661 1034 730 ad
1053 664 1195 733 Peteon.
1208 666 1254 753 47.

176 819 179 823 -
263 776 328 851 33,
381 777 515 850 Ictus,
544 773 568 840 i.
599 797 629 839 e.
660 790 793 854 tactus,
824 793 1020 862 percussus.
1057 771 1184 845 Horat.
1204 773 1255 843 lv·

216 877 331 944 Carm.
351 879 382 945 5.
405 878 455 943 15.
479 873 659 939 desiderio
683 875 771 938 icta.
793 895 825 938 v.
842 867 1006 937 Oudend.
1031 868 1076 935 ad
1099 870 1141 939 b.
1158 869 1183 938 l.

258 986 480 1053 Diatentue.
511 979 586 1047 scil.
611 981 703 1048 cibo.
725 977 828 1049 Ptin..
843 976 1050 1074 Raneg.'48.
1078 976 1254 1047 distentet

217 1091 384 1161 tolitaria
406 1111 525 1155 coena.

230 1270 233 1285 ,
259 1198 441 1280 Madent,
463 1192 537 1260 scil.
560 1190 664 1274 tr‘uo,
686 1189 710 1256 i.
728 1214 760 1257 c.
781 1186 907 1257 ebrius.
933 1186 1066 1256 Tibull.
1088 1189 1187 1260 11.1.
1209 1213 1251 1281 tp.

216 1286 287 1380 non
299 1306 406 1397 fecta
434 1306 512 1370 luce
542 1296 688 1364 madere
717 1309 774 1363 eat
797 1297 918 1362 rubor.
946 1318 980 1361 v.
1001 1292 1252 1364 Broulthue.td

151 1450 154 1459 ·
217 1419 249 1488 1.
272 1437 302 1484 2.
324 1417 358 1484 5.
379 1429 415 1479 ct
436 1403 613 1478 Drakenb.
635 1401 679 1469 ad
704 1401 766 1470 Sil.
789 1403 1038 1491 Ital.¹XII.18,

264 1521 311 1589 Iu
331 1517 554 1608 gestatione,
577 1508 661 1575 dum
682 1510 887 1595 gestabatur.
908 1534 940 1577 v.
961 1510 1066 1581 Galb.
1083 1514 1120 1583 8.
1139 1511 1251 1582 Dumit.

220 1652 275 1699 11.
298 1642 333 1693 et
351 1624 448 1714 Lips.
465 1619 577 1707 Epist.
600 1616 746 1684 Miscell.
770 1618 872 1685 Ceut.
892 1619 955 1685 III.
976 1642 1028 1685 ιι.
1086 1690 1089 1695 ,
1229 1684 1232 1693 ,
1257 1662 1261 1671 =

268 1732 332 1813 34,
382 1729 716 1818 Repraeaentabat,
746 1728 770 1794 i.
796 1751 828 1795 e.
849 1727 923 1792 sine
950 1723 1120 1795 dilatione
1147 1728 1252 1815 exige·

219 1831 292 1903 bat.
305 1903 309 1910 ,
323 1831 439 1904 Valer.
460 1828 554 1894 Max.
571 1827 633 1895 VI.
650 1829 683 1897 5.
704 1851 857 1916 poenam
882 1840 1164 1914 repraesentare
1186 1852 1254 1897 mtt-

222 1943 306 2011 tuit.
328 1964 359 2008 v.
379 1936 524 2005 Casaub.
547 1934 590 2001 ad
610 1935 647 2003 b.
669 1934 696 2003 l.

264 2045 471 2134 Exigebut,
495 2060 534 2108 ut
556 2061 668 2111 eustos
690 2062 724 2112 et
746 2041 897 2124 arbiter,
919 2064 964 2108 ne
985 2042 1171 2112 carnifices
1186 2042 1253 2111 lan·

222 2150 357 2242 gnidius
380 2163 530 2243 agerent.
559 2149 656 2214 Caes.
678 2152 731 2218 65.
761 2167 909 2220 exactor
933 2153 1180 2240 gravissimus
1206 2152 1254 2221 di·

225 2261 411 2348 somenae.
434 2281 466 2324 v.
482 2260 599 2323 Burm.
621 2254 665 2322 ad
687 2256 725 2325 h.
747 2257 774 2327 l.

269 2366 432 2454 Antiqui
461 2366 572 2430 moria
600 2365 834 2452 supplicium.
891 2357 1003 2453 Quale
1031 2359 1170 2451 fuerit,
1195 2361 1254 2457 {pte

194 2560 199 2569 ἱ
227 2490 346 2545 auctor
364 2470 513 2564 explicat
533 2471 616 2537 Ner.
636 2473 691 2561 49.

272 2583 412 2663 Forte,
434 2577 458 2644 i.
477 2602 508 2645 e.
532 2596 621 2642 casu.
667 2578 729 2645 Eat
746 2595 859 2647 sextus
881 2601 977 2655 casua
994 2578 1124 2669 afim.
1147 2607 1179 2653 v.
1199 2578 1256 2653 Sd·

176 2687 180 2694 '
226 2682 307 2753 lust.
323 2685 398 2771 lug.
423 2707 453 2750 1.
468 2701 503 2749 et
519 2685 569 2751 ibi
590 2687 685 2753 cort.

274 2793 324 2861 Ut
345 2792 593 2881 expirantium
615 2807 682 2858 etc.
740 2791 874 2878 Nempe
899 2813 1018 2858 eorum
1043 2794 1152 2863 facies
1179 2790 1256 2863 nude

229 2917 328 2986 erat,
361 2915 466 2989 caput
487 2914 621 2964 tantum
642 2896 759 2984 galero
784 2915 926 2966 tectum.
948 2923 982 2968 v.
1000 2900 1256 2996 ,LipsaeSatum

229 2996 336 3075 11.8.'

277 3115 446 3183 cultellos
459 3116 644 3203 parvulae.
689 3111 826 3179 Poterat
845 3113 962 3181 abesse
981 3116 1167 3203 parvulae.

272 3222 455 3291 Beatiarii
484 3235 587 3300 eunt,
611 3212 670 3306 qui
701 3237 778 3280 cum
803 3216 921 3283 hestiis
951 3238 1122 3311 pugnant.
1168 3216 1257 3315 Quod

230 3327 467 3422 spectaculum
496 3350 595 3392 manc
625 3320 804 3390 edebatur.
849 3327 1091 3394 Bestiarioruut
1125 3331 1187 3424 qui
1209 3352 1257 3397 at·

229 3437 453 3533 perfuerunt,
468 3448 546 3522 post
562 3428 741 3496 meridiem
751 3429 844 3496 inter
854 3456 889 3498 se
911 3436 1113 3526 pugnabant
1123 3486 1139 3520 ,
1151 3456 1186 3506 et
1195 3460 1258 3505 mt-

201 3597 207 3610 .
234 3543 374 3609 ridicni
397 3540 623 3606 vocabantur.
646 3561 678 3604 v.
697 3535 864 3606 Senecam
887 3542 957 3634 Ep.
972 3565 1006 3629 7.
1019 3558 1067 3609 et
1089 3544 1187 3637 Lips.
1207 3542 1259 3611 St-

232 3665 325 3716 turn.
345 3647 389 3712 II.
413 3648 464 3714 15.

277 3759 324 3824 Ut
347 3756 459 3821 etiam
475 3751 602 3837 prime
625 3750 714 3817 luce.
742 3752 930 3821 Burmann.
952 3753 1065 3842 legere
1094 3759 1212 3829 ma'litt
1230 3766 1262 3827 ut

203 3934 211 3945 ‚
231 3881 268 3931 et
289 3886 369 3927 cnm
387 3860 515 3947 primu
541 3859 630 3923 luce.
656 3855 799 3923 Terent.
819 3856 975 3948 Adelph.
996 3863 1043 3943 V.
1061 3867 1093 3933 3.
1114 3869 1172 3937 55.
1195 3886 1262 3934 cunt

85 3984 88 3989 ’
225 3973 352 4060 prima
375 3973 451 4035 luce
472 3966 529 4033 ibo
549 3966 648 4031 ltine.
693 3961 763 4030 Sed
791 3962 879 4038 nihil
899 3967 1115 4041 mutandum.
1141 3970 1262 4059 Liutt

1219 4080 1260 4151 ab
