2580 4942
243 281 833 358 -VESPASIANUs,
1027 290 1089 359 ὅθι

53 454 272 557 decessisse,
295 472 450 543 alter'em
469 472 634 540 leeiorem
653 469 835 539 accedere·
874 469 968 542 Haec
985 467 1089 539 locu·

53 587 102 651 tio
123 581 264 675 propria
282 594 333 645 est
353 574 513 646 Medicis.

102 687 163 764 24,
206 688 357 754 Annam
366 706 518 771 gerena,
544 684 568 752 i.
586 708 616 753 e.
639 709 753 772 agens.
777 688 911 758 Gerere
927 681 963 760 et
979 715 1092 782 agere

52 810 157 878 aaepe
187 787 378 878 promiscue
399 781 575 854 dicuntur.
619 787 746 853 Domit.
775 811 804 854 ι.
832 791 1098 861 adolescentiae

53 911 196 985 tempu-a
212 895 341 984 geaait.
365 939 368 946 -
387 890 482 958 serv.
499 892 630 985 Sulpic.
649 893 722 960 Cic.
739 896 800 966 IV.
819 901 850 967 5.
873 913 915 967 ut
932 913 1093 968 aetatem

58 1019 218 1094 gereret.
245 1003 308 1069 ubi
324 1023 357 1068 v·
377 998 501 1065 Graev.
523 995 638 1067 Valer.
654 999 768 1070 Flacc.
792 1005 852 1074 VI.
869 1008 944 1095 695.
968 1009 1093 1095 impu.

57 1114 207 1201 bemque
233 1113 373 1197 gerens]
388 1107 615 1195 eterikmque
642 1109 834 1182 iuventam.
870 1138 903 1183 v.
932 1115 1015 1184 Intt.
1046 1113 1092 1182 ad

54 1219 138 1287 Liv.
160 1215 290 1283 XXIX.
312 1217 365 1282 25.

102 1322 162 1396 25,
205 1321 384 1387 Examine
409 1344 542 1408 aequo,
573 1321 597 1389 i.
619 1347 649 1393 e.
683 1350 762 1396 cum
789 1325 904 1415 lingua
927 1345 1091 1413 staterae,

55 1446 143 1513 quae
165 1419 308 1510 proprie
329 1444 474 1487 examen
497 1420 646 1507 dieitur,
668 1427 707 1493 in
728 1448 839 1518 aequo
859 1445 937 1496 stat.
969 1427 1093 1514 virgil.

59 1533 145 1600 Aen.
166 1529 244 1596 XII.
266 1529 341 1613 725.
375 1528 521 1613 Iupiter
542 1531 619 1616 ipae
639 1531 732 1598 duaa
754 1552 909 1625 aequato
934 1539 1095 1604 examino

57 1642 179 1706 lancee
203 1636 369 1701 sustinet.
400 1658 432 1703 v.
454 1635 597 1700 Casaub.
617 1634 661 1701 ad
684 1639 777 1708 Pers.
796 1645 824 1709 Ι.
845 1646 875 1711 6.

104 1745 278 1830 Utrique,
313 1764 414 1830 saepe
451 1740 488 1804 in
518 1737 642 1829 plurali
671 1741 799 1812 dieitur
829 1772 895 1842 pro
928 1765 1087 1840 uterque.

55 1847 177 1934 virgil.
197 1849 285 1914 Aen.
304 1851 363 1917 VI.
384 1851 457 1917 685.
474 1851 620 1935 palmae
637 1865 811 1944 utraeque
830 1860 994 1925 tetendit.
1024 1861 1087 1925 Iu-

56 1960 136 2025 stin.
159 1959 186 2024 1.
209 1983 240 2045 9.
263 1982 371 2024 aurea
398 1971 570 2043 utraeque
586 1961 837 2045 praeciderat.
870 1990 903 2036 v.
921 1963 1086 2035 Oudend.

59 2061 102 2129 ad
127 2064 264 2132 Caesar.
287 2061 331 2132 de
352 2067 391 2134 B.
413 2065 457 2135 G.
480 2062 507 2130 I.
529 2065 585 2133 55.

368 2641 780 2716 TITUS.

106 2917 140 2993 1.
266 2952 361 3013 mor,
383 2929 408 2994 i.
427 2951 456 2996 e.
480 2929 541 3017 qui
558 2944 699 2996 amatur.
724 2923 857 2994 'sibulL
880 2924 909 2992 1.
925 2947 955 2995 2.
969 2925 1001 2996 4.
1019 2927 1088 2995 Ia-

47 3037 146 3125 felix
168 3039 254 3104 dum
283 3037 478 3124 requiescit
498 3057 612 3102 amor.
647 3033 709 3099 ubi
731 3056 762 3101 v.
789 3030 979 3100 Broukhus.
1034 3035 1094 3103 sie

56 3148 198 3229 odium,
221 3168 286 3237 pro
306 3143 444 3208 homine
467 3141 595 3208 odioso.
628 3139 737 3209 Plaut.
760 3137 884 3207 Bacch.
907 3140 968 3208 IV.
988 3162 1019 3227 7.
1036 3163 1091 3211 20.

60 3255 197 3320 Terrae
224 3252 344 3316 odium
373 3253 546 3318 ambulate.
597 3249 721 3316 lustin.
742 3247 805 3316 XI.
824 3250 855 3318 3.
888 3248 1009 3316 odium
1033 3272 1092 3316 eoa

55 3364 212 3427 omnium
227 3361 444 3448 populorum
470 3380 558 3423 eaae.

101 3468 288 3546 Deliciae,
317 3465 341 3532 i.
361 3488 391 3533 e.
414 3465 452 3531 In
479 3460 614 3533 delicia
644 3462 793 3531 habitus.
845 3461 920 3530 Cic.
947 3458 991 3527 ad
1012 3461 1091 3534 Divo

56 3575 132 3645 VII.
157 3596 187 3640 2.
451 3576 454 3581 ’

104 3681 316 3764 Supereaae‚
341 3673 419 3768 plus
433 3691 506 3761 eat,
530 3700 633 3768 quam
652 3701 752 3762 eoae,
775 3694 810 3744 et
827 3675 960 3770 copiam
973 3698 1093 3766 quan·
1116 3726 1120 3734 =

58 3783 137 3849 dam
167 3785 359 3870 significat,
389 3803 429 3853 ut
457 3783 592 3854 erudite
615 3785 719 3855 docet
749 3784 842 3854 Gell.
862 3781 891 3847 Ι.
911 3801 963 3847 22.
1017 3780 1094 3850 Liv.

56 3891 204 3960 XXVII.
230 3915 280 3959 ιο.
305 3894 355 3959 ad
372 3895 414 3961 id
437 3895 509 3961 eibi
530 3916 642 3984 neque
664 3915 748 3981 epea
766 3891 911 3972 deesse,
932 3882 1108 3957 am'mum¹

56 4000 171 4065 etiem
193 4021 394 4086 superenne.
424 4027 455 4073 v.
471 4006 588 4072 Burm.
610 3996 654 4065 ad
670 3996 785 4070 valer.
799 3996 913 4068 Flaee.
933 3997 978 4066 V.
997 3999 1072 4083 257.

614 4107 642 4177 'h
666 4107 687 4178 ὅ
967 4101 1095 4191 Septi·
1217 4102 1220 4108 ’
