2580 4942
372 245 765 373 cneun1us
989 296 1105 372 .us

99 493 289 580 'taando,
330 482 366 555 ἱ.
388 512 419 557 e.
460 485 654 578 quoniam,
682 478 986 576 quondoquidem.
1022 485 1101 555 Liv.

56 602 222 674 XXXIII.
254 620 285 665 2.
322 596 464 686 quando
493 585 576 663 trita
598 590 663 656 illa
686 591 968 680 pacataqueab
997 604 1102 681 tergo

57 706 364 796 relinquebantur.
387 701 448 765 uhi
470 724 502 768 v.
524 694 700 767 Drakenh.

10 858 12 865 -
61 860 69 873 -
104 817 243 885 Verum
269 811 484 892 Caesarem,
504 807 528 874 i.
550 822 583 873 et
608 804 798 875 naturalem
820 806 927 900 ipsius
948 809 1102 876 Caesaris

10 954 20 1007 ει
58 923 183 992 filium.

12 1042 15 1047 ’
62 1051 76 1062 ’·
110 1024 171 1102 44,
219 1024 448 1109 Discrepat,
478 1015 754 1112 impersonaliter
777 1016 905 1085 dicitur
924 1022 991 1113 ‘pro
1023 1019 1101 1086 dis·

14 1120 18 1147 *
58 1126 235 1208 sentiunt,
258 1125 431 1188 incertum
448 1136 510 1187 est.
534 1120 609 1187 Liv.
632 1120 693 1185 111.
720 1123 772 1187 31.
822 1119 912 1186 Cum
938 1122 982 1188 de
1003 1123 1100 1208 legi-

10 1260 17 1321 j,
58 1233 126 1304 bas
156 1232 379 1312 conveniret,
402 1229 446 1294 de
473 1229 587 1295 latore
617 1241 760 1296 tantum
780 1228 1018 1316 discreparet.
1040 1229 1103 1300 uhi

25 1388 29 1403 .
57 1363 90 1408 v.
114 1339 290 1406 Drakenb.

10 1464 23 1545 ,ξ
62 1495 66 1504 ·
107 1450 380 1533 Praegnstator
412 1457 493 1526 est,
523 1441 588 1530 qui
623 1439 717 1508 eibos
750 1457 921 1534 potusque
949 1441 1105 1536 principi

59 1553 194 1621 dandos
217 1551 391 1644 explorat.
435 1551 518 1617 Eius
549 1548 679 1616 mentio
708 1548 872 1640 frequens
898 1550 936 1614 in
965 1550 1106 1615 inseri--

10 1706 20 1745 5
59 1662 240 1755 ptionibus
263 1658 436 1748 antiquis,
459 1658 521 1723 ubi
545 1657 646 1723 etiam
671 1679 793 1723 servus
814 1683 839 1723 a
865 1660 1011 1747 potione
1038 1655 1100 1725 di-

10 1788 18 1851 ζ
63 1771 164 1835 citur.
187 1792 223 1840 v.
245 1767 341 1859 Lips.
364 1766 407 1832 ad
428 1761 752 1834 Tacit.Ann.XlI.
776 1764 829 1831 66.
949 1782 951 1785 ’

10 1926 18 1933 .
95 1877 354 1957 abdicatum,
376 1875 400 1941 i.
422 1900 452 1940 e.
476 1895 610 1942 veneno
628 1868 806 1934 infectum.
842 1871 1007 1962 Siefioue
1024 1893 1103 1944 me·-

10 1978 20 2043 ἶ
61 1983 206 2048 dicatae
229 2007 284 2071 ap.
308 1982 399 2049 Plin.
418 1983 462 2048 Η.
486 1979 711 2047 N.XXX11[.
730 1999 763 2062 7.
808 1979 866 2047 Sic
883 1984 1104 2053 medicamen

61 2104 98 2159 et
125 2089 426 2159 medicamentum
442 2111 509 2181 pro
530 2111 677 2154 veneno.
719 2087 865 2180 Proprie
885 2088 1105 2160 medicatum

17 2218 37 2268 ³,
61 2191 211 2280 dicitur,
236 2195 291 2265 cui
313 2195 472 2270 additum
490 2211 542 2266 est
568 2193 701 2293 aliquid
723 2196 879 2267 extranei
896 2197 1036 2289 saporis.

411 2706 745 2776 NERO.

10 2972 40 3083 ᾗ
112 2973 148 3047 l.
322 3007 419 3076 agna
429 3010 525 3076 parc
550 2988 664 3055 rutila
689 2984 1001 3075 barbafuemnt.‘
1018 2988 1105 3056 Sae-

62 3116 108 3188 pe
131 3097 270 3159 nomina
289 3094 416 3162 diversi
437 3094 573 3161 numeri
598 3095 635 3158 in
655 3092 777 3161 eodem
796 3117 875 3159 casu
897 3120 962 3184 per
988 3080 1111 3189 eppo-i
1165 3090 1168 3098 ¹

61 3200 221 3266 sirionem
260 3201 462 3284 iunguntur.
500 3200 576 3267 Liv.
611 3203 672 3271 VI.
706 3206 759 3269 25.
817 3201 942 3272 Volsci
971 3231 1107 3296 magna

54 3329 152 3394 pars
171 3308 208 3372 in
218 3303 322 3393 fuga
346 3308 456 3375 caesi.
479 3307 541 3372 ubi
562 3329 596 3376 v.
621 3305 798 3375 Drakenh.
823 3309 918 3399 inpr.
947 3313 1105 3383 Perizon.

10 3452 15 3461 ·
62 3412 108 3480 ad
131 3414 248 3482 Sanct.
273 3414 363 3482 Min.
387 3417 447 3485 Ν.
471 3418 503 3485 8.
531 3441 568 3506 p.
591 3415 667 3506 708·
881 3487 889 3503 ,

10 3546 18 3555 ·
71 3534 78 3544 “
105 3522 310 3602 Personae,
334 3521 392 3591 hie
409 3524 553 3616 ponitur
578 3549 644 3614 pro
666 3523 842 3591 homines:
867 3523 961 3615 quod
981 3528 1110 3596 obser·

62 3627 215 3697 vandum
248 3631 397 3720 potius,
430 3653 534 3722 quem
562 3627 779 3721 imitandum.
811 3655 843 3699 v.
873 3632 1030 3703 Perizon.
1064 3631 1110 3701 ad

65 3735 182 3802 Senot.
205 3736 293 3801 Min.
314 3738 342 3804 I.
367 3761 420 3808 12.
442 3740 473 3807 4.

14 3908 22 3917 ,
109 3845 320 3928 Retalert't,
342 3844 367 3912 i.
386 3870 415 3912 e.
434 3842 549 3913 denuo
569 3843 784 3930 exhibuerit,
807 3836 1017 3935 instaurarit.
1034 3847 1111 3917 cic.

62 3973 128 4047 pro
148 3949 263 4020 Flace.
291 3977 321 4023 ι.
368 3953 455 4023 Cam
483 3967 643 4023 veterem
670 3955 844 4025 Valeriae
873 3957 996 4044 gentle
1022 3957 1109 4036 laa-

591 4063 624 4132 V
645 4065 666 4134 5
1029 4061 1111 4132 dem
