2632 4974
228 270 290 342 m
533 265 958 374 camonia

227 448 392 540 imagines
420 446 468 520 ad
497 449 612 523 focum
639 455 677 522 in
700 457 789 526 atrio
811 459 960 533 stabant.
984 475 1016 525 v.
1039 451 1166 542 Virgil.
1187 460 1261 530 Aen.

220 557 291 628 IX.
311 550 443 627 255.‘et
464 556 601 628 Ernest.
625 558 726 629 Clau.
744 550 817 634 Cic.
841 589 873 634 v.
896 565 1053 630 Penates.

269 667 411 734 Partus
442 668 637 755 coniugum
662 662 828 754 expositi.
874 671 984 760 Quasi
1011 687 1162 760 propter
1183 687 1260 740 tem·

225 793 352 867 porum
375 769 549 838 diritatem
572 772 617 839 ali
637 797 709 840 non
736 795 889 866 possent.
934 780 1065 846 Contra
1084 777 1191 842 rebus
1207 777 1263 843 lae·

218 876 270 945 {tis
286 878 413 945 liberos
434 877 553 946 tollere
575 882 772 974 cupiebant.
794 908 827 954 v.
850 885 1016 954 Senecam
1040 881 1087 950 de
1112 883 1221 952 Clem.
1239 886 1259 950 I.

224 989 281 1055 aa.
304 986 392 1054 Ptin.
411 986 536 1071 paneg.
558 991 611 1056 26.
637 1006 671 1056 et
692 993 775 1057 us.
800 988 844 1056 ..1
865 990 901 1057 h.
922 968 955 1056 t.
1064 1035 1067 1049 .
1188 986 1192 993 ·

273 1095 409 1185 Capita
426 1097 572 1163 rasisse.
618 1097 659 1164 ln
675 1096 772 1180 luctu
792 1096 869 1164 radi
888 1114 923 1165 et
945 1097 1084 1164 tonderi
1105 1095 1260 1167 sollemne

126 1273 129 1281 ,
221 1193 300 1268 'erat
324 1197 418 1295 apud
445 1196 600 1287 Orientis
625 1205 786 1296 populos.
809 1229 842 1275 v.
862 1205 1020 1296 Propert.
1043 1202 1105 1273 111.
1138 1227 1192 1272 ιι.
1220 1205 1260 1270 18.

223 1311 260 1375 ¹et
277 1305 327 1372 ibi
345 1303 536 1378 Broukhus.

267 1416 415 1502 Regum
434 1439 576 1504 regem,
597 1417 621 1483 i.
645 1440 677 1484 e.
700 1439 814 1506 regem
832 1406 1047 1485 Parthorum.

266 1524 540 1610 Exercitationis
560 1526 728 1594 venandi.
752 1528 850 1618 Quae
869 1523 1096 1613 praecipuum
1114 1518 1262 1588 studium

224 1646 298 1696 erat
324 1630 434 1718 regis,
465 1646 499 1696 et
518 1654 713 1726 procerum.
736 1659 768 1703 v.
791 1634 903 1703 Tacit.
928 1630 1144 1703 Ann.11.2.
1169 1647 1203 1699 et
1220 1632 1262 1697 ibi

226 1740 419 1830 ffiffi',

223 1830 226 1835 ¹
268 1847 516 1935 Megistanes‚
540 1867 621 1915 voce
637 1849 883 1932 Macedonica,
900 1871 923 1934 ‘a
935 1847 1085 1930 μέγιστος
1104 1845 1263 1922 formata,

226 1954 392 2022 dicuntur
422 1971 576 2042 satrapae
604 1971 639 2021 et
668 1978 830 2046 proceres
856 1953 1020 2025 Orientis.
1052 1977 1086 2022 v.
1114 1955 1204 2022 Intt.
1232 1951 1266 2020 ad

226 2062 385 2142 Frontin.
408 2061 453 2127 H.
474 2088 505 2152 9.
522 2065 552 2131 5.

276 2167 312 2243 6,
357 2167 501 2234 Gestire
514 2169 533 2249 '‚'
547 2185 599 2245 est
621 2185 716 2256 gestu
735 2169 890 2264 corporis
911 2165 1081 2233 laetitiam'
1101 2163 1161 2232 vel
1180 2163 1267 2231 desi·

228 2264 364 2333 derium
388 2267 609 2353 significare:
633 2268 729 2335 unde
749 2268 877 2338 dicitur
906 2289 973 2357 pro
998 2265 1098 2331 valde
1125 2288 1268 2356 cupere,

228 2373 439 2446 desiderare.
465 2377 613 2443 Terent.
628 2377 765 2445 Phorm.
787 2377 832 2446 II.
857 2399 887 2443 1.
909 2379 963 2444 50.
1008 2374 1141 2463 Ipsum
1157 2377 1270 2461 gestio

228 2481 315 2547 dari
334 2482 425 2548 mihi
438 2483 476 2548 in
498 2498 736 2572 conspectum.
760 2508 791 2554 v.
810 2486 967 2554 Perizon.
985 2483 1028 2550 ad
1047 2483 1171 2551 Sanct.
1187 2483 1269 2549 Min.

228 2587 288 2658 III.
311 2592 341 2658 3.
362 2614 436 2660 11.·
642 2589 645 2595 ’

271 2700 403 2766 Palam
412 2698 573 2786 ficetum.
618 2699 710 2766 Haec
732 2697 861 2766 locutio
881 2698 1022 2788 proprie
1044 2697 1210 2786 pertinet
1235 2690 1270 2760 ad

226 2800 360 2871 funera.
383 2787 498 2890 Nepos
514 2805 616 2869 Dion.
636 2828 686 2871 ro.
731 2805 858 2874 Huius
877 2804 919 2868 de
942 2817 1055 2870 morte
1080 2819 1127 2871 ut
1146 2808 1274 2900 palam

220 2909 449 3005 factumest.
469 2911 590 2980 Tiber.
607 2932 659 2980 22.
683 2911 883 2980 Excessum
898 2911 1068 3000 Augusti
1079 2938 1155 2980 non
1164 2914 1273 3000 prius

152 3035 153 3038 ’
220 3024 350 3112 pamm
360 3018 471 3109 fecit.
492 3020 625 3087 Ner.'8.
651 3016 725 3085 Tit.
751 3041 803 3084 11.

270 3132 341 3196 Per
348 3123 469 3217 festos
490 3127 704 3196 Decembris
727 3126 822 3209 dies,
843 3127 866 3192 i.
889 3150 919 3194 e.
942 3149 1005 3218 per
1026 3123 1241 3193 Saturnalia.

276 3238 314 3315 7,
358 3239 464 3324 Rapa·
476 3285 487 3318 ‚
519 3235 661 3325 proprie
687 3231 879 3314 dicuntur,
913 3235 974 3325 qui
1004 3248 1082 3300 ante
1114 3248 1276 3325 tempus,

228 3339 355 3411 acerba
383 3352 493 3407 morte
521 3343 679 3424 pereunt.
708 3332 832 3420 virgil.
856 3335 946 3401 Aen.
968 3337 1027 3403 VI.
1049 3333 1140 3417 4283·
1183 3339 1276 3419 Quos

228 3448 346 3516 duleis
366 3445 468 3512 vitae
489 3456 668 3524 exsortes,
689 3454 729 3507 et
753 3441 799 3507 ab
825 3441 933 3512 ubere
953 3453 1100 3526 raptos,
1124 3442 1273 3518 Abstu-

228 3556 274 3624 lit
294 3567 380 3620 atra
405 3551 496 3617 dies.
529 3551 685 3615 Lactant.
703 3549 765 3614 III.
786 3571 836 3636 17.
867 3550 957 3614 alios
981 3547 1147 3634 inflantes
1172 3555 1276 3638 rapi,

229 3663 322 3728 alica
344 3639 420 3726 iam
440 3656 602 3725 robustos
624 3659 787 3725 interire.
831 3655 961 3722 Eadem
980 3655 1088 3722 viset
1108 3648 1276 3749 proprie·

230 3787 281 3836 tas
299 3769 406 3834 estin
426 3765 534 3835 verbo
553 3767 681 3834 adimi.
703 3763 806 3834 Ovid.
825 3767 911 3832 Met.
929 3764 989 3831 XI.
1012 3765 1086 3832 551.
1133 3770 1279 3837 Natam

182 3870 188 3887 ⁸
223 3877 497 3962 ⁴delamentatur
518 3873 712 3944 ademtam.
743 3895 775 3940 v.
802 3873 917 3940 Burm.
948 3870 991 3944 ad
1017 3871 1137 3942 valer.
1167 3874 1278 3943 Flacc.

228 3982 291 4072 ‚vt
316 3980 389 4051 282.

1209 4099 1277 4166 Fe·
