2580 4942
132 842 326 959 versatur.
386 869 610 971 Theologia
650 868 763 945 enim
797 865 1023 971 dogmatica
1042 875 1138 951 -Dei
1197 858 1201 863 ¹

130 1004 266 1083 ideam
282 996 496 1098 concipere
523 1011 644 1094 atque
660 995 856 1096 explicare
881 994 1034 1087 studet,
1061 994 1136 1075 sed

126 1128 208 1217 ita,
235 1139 282 1200 ut
301 1138 392 1198 eam
410 1147 459 1198 ex
478 1106 727 1197 revelatione
748 1118 794 1192 in
811 1117 972 1196 Christo
990 1112 1132 1196 effecta
1154 1128 1158 1147 ¹

127 1247 307 1337 hauriat;
332 1233 593 1347 philosophia
610 1259 745 1319 autem
769 1239 815 1317 id
840 1244 933 1342 agit,
959 1259 1007 1320 ut
1026 1243 1134 1321 hanc

128 1370 344 1447 notionem
378 1390 519 1468 perse
552 1382 767 1470 spectatam
798 1382 838 1443 et
870 1368 955 1443 sola
980 1368 1133 1469 cogita·

129 1497 245 1573 tione
269 1491 464 1595 percipiat
502 1505 620 1590 atque
644 1489 825 1592 explicet
875 1490 947 1566 Illa
971 1491 1130 1592 generis

124 1617 303 1697 humani
325 1632 522 1704 naturam,
548 1629 595 1690 ut
617 1613 749 1687 autin
771 1613 978 1705 salvatore,
1005 1632 1074 1693 aut
1090 1619 1133 1695 ei

127 1742 319 1844 opposita
349 1752 528 1840 apparet,
565 1737 751 1837 exponit3
787 1734 886 1812 haec
909 1761 1032 1828 vero,
1067 1763 1148 1815 ra·-

126 1860 251 1941 tione'
266 1862 341 1937 hac
365 1861 558 1960 neglecta,
583 1864 669 1952 ejus
694 1861 785 1936 vim
810 1874 929 1959 atque
944 1859 1132 1936 indolem

130 1988 322 2088 explanat.
384 1984 458 2059 Illa
500 1984 659 2074 statuit,
695 1983 885 2085 spiritum
920 2008 1007 2060 esse
1041 2009 1135 2071 sam·¹

132 2125 274 2199 ctum,
297 2110 325 2185 i.
353 2133 386 2182 e.
407 2107 678 2209 principium,
717 2107 832 2206 quod
856 2106 939 2185 Dei
958 2132 1133 2207 regnum

86 2314 92 2325 ,
127 2256 153 2308 a
178 2230 339 2310 Christo
367 2230 578 2307 conditum
601 2247 640 2305 et
659 2231 887 2321 ecclesiam,
914 2229 1136 2325 hujusfor·

128 2378 240 2431 mam
263 2354 570 2456 temporariam,
597 2368 779 2453 penetrat
800 2370 841 2429 et
865 2352 917 2429 ad
936 2360 1134 2447 majorem

128 2475 315 2579 perducit
338 2474 652 2577 perfectionem
673 2476 772 2551 haec
798 2492 934 2552 autem
953 2476 1134 2555 eundem

129 2622 203 2700 per
228 2622 271 2673 se
297 2596 516 2701 spectatum
528 2616 770 2697 cognoscere
790 2613 970 2674 conatur.
997 2599 1134 2677 Theo·

125 2724 235 2824 logia
255 2720 482 2823 dogmatica
497 2720 841 2796 immortalitatem
853 2724 1133 2799 areconcilia·

125 2844 243 2923 tione
264 2845 485 2923 hominum
511 2848 607 2919 cu'm
632 2846 724 2919 Deo
749 2868 824 2946 per
855 2842 1131 2935 redemtorem

127 2966 271 3048 effecta
293 2968 456 3069 repetit,
491 2968 756 3068 philosophia
790 2992 889 3043 vero
921 2993 1014 3043 eam
1043 2984 1131 3045 tan·
1211 3028 1215 3045 2

128 3117 253 3193 quam
298 3093 564 3169 necessariam
605 3116 630 3166 e
669 3089 818 3164 mentis
855 3106 1000 3166 natura
1041 3091 1129 3193 ipsa

127 3230 383 3292 emanantem
405 3215 601 3319 proponit
626 3216 957 3312 consequentiam
982 3230 1055 3292 etc.

228 3370 588 3474 Quemadmodum
635 3390 736 3445 vero
780 3370 880 3447 haec
920 3374 1130 3467 sententia,
1214 3360 1217 3367 ¹

131 3516 247 3586 cum,
278 3494 391 3593 quod
415 3491 642 3592 theologiae
679 3490 928 3592 dogmaticae
961 3497 1013 3572 sit
1036 3520 1133 3599 pro*-

132 3617 290 3716 prium,
326 3616 630 3717 diligentissime
655 3627 807 3704 servet,
834 3614 891 3705 id,
918 3616 1034 3716 quod
1053 3642 1133 3695 no·

130 3745 462 3843 strapraesertim
484 3754 608 3816 aetate
619 3762 742 3839 quam
760 3739 936 3816 manime
960 3742 1134 3841 requiri·

128 3878 210 3954 tur,
229 3864 518 3966 perfectissima
535 3878 706 3966 praestat
715 3862 895 3953 ratione,
916 3861 972 3938 i-ta
990 3864 1133 3940 eadem

129 4013 218 4062 rem
251 4004 338 4065 n'on
379 3978 550 4063 minoris
590 3986 792 4061 momenti
835 3989 1130 4063 accuratissime

128 4110 316 4215 respicit,
359 4113 577 4203 unitatem,
625 4136 704 4211 qua
742 4133 885 4185 omnes
929 4104 1132 4193 doctrinas

127 4232 236 4311 inter
265 4256 329 4326 se,
365 4234 578 4339 inprimis
614 4260 712 4313 vero
745 4258 841 4313 cum
872 4232 1133 4339 philosophia
