<?xml version="1.0" encoding="UTF-8"?>
<!DOCTYPE html PUBLIC "-//W3C//DTD XHTML 1.0 Transitional//EN"
    "http://www.w3.org/TR/xhtml1/DTD/xhtml1-transitional.dtd">
<html xmlns="http://www.w3.org/1999/xhtml" xml:lang="en" lang="en">
 <head>
  <title>
</title>
<meta http-equiv="Content-Type" content="text/html;charset=utf-8" />
  <meta name='ocr-system' content='tesseract 3.04.00' />
  <meta name='ocr-capabilities' content='ocr_page ocr_carea ocr_par ocr_line ocrx_word'/>
</head>
<body>
  <div class='ocr_page' id='page_1' title='image "./davruhnkeniisch00ruhngoog_0354.png"; bbox 0 0 2580 4942; ppageno 0'>
   <div class='ocr_carea' id='block_1_1' title="bbox 1089 559 1136 626">
    <p class='ocr_par' dir='ltr' id='par_1_1' title="bbox 1089 559 1136 626">
     <span class='ocr_line' id='line_1_1' title="bbox 1089 559 1136 626; baseline 0 0"><span class='ocrx_word' id='word_1_1' title='bbox 1089 559 1136 626; x_wconf 83' lang='lat'><strong>35</strong></span> 
     </span>
    </p>
   </div>
   <div class='ocr_carea' id='block_1_2' title="bbox 105 733 1232 2713">
    <p class='ocr_par' dir='ltr' id='par_1_2' title="bbox 105 733 1140 1513">
     <span class='ocr_line' id='line_1_2' title="bbox 139 733 1140 842; baseline -0.004 -24"><span class='ocrx_word' id='word_1_2' title='bbox 139 767 232 822; x_wconf 87' lang='lat' dir='ltr'><strong>rum</strong></span> <span class='ocrx_word' id='word_1_3' title='bbox 255 741 390 842; x_wconf 89' lang='lat' dir='ltr'><strong>primo</strong></span> <span class='ocrx_word' id='word_1_4' title='bbox 419 739 451 815; x_wconf 88' lang='lat' dir='ltr'><strong>ii</strong></span> <span class='ocrx_word' id='word_1_5' title='bbox 475 753 596 813; x_wconf 86' lang='lat' dir='ltr'><strong>erunt</strong></span> <span class='ocrx_word' id='word_1_6' title='bbox 620 733 885 829; x_wconf 82' lang='lat' dir='ltr'><strong>subiiciendi,</strong></span> <span class='ocrx_word' id='word_1_7' title='bbox 920 737 1014 835; x_wconf 91' lang='lat' dir='ltr'><strong>qui,</strong></span> <span class='ocrx_word' id='word_1_8' title='bbox 1042 762 1140 814; x_wconf 89' lang='lat' dir='ltr'><strong>cum</strong></span> 
     </span>
     <span class='ocr_line' id='line_1_3' title="bbox 106 846 1135 977; baseline -0.004 -27"><span class='ocrx_word' id='word_1_9' title='bbox 106 853 371 977; x_wconf 80' lang='lat' dir='ltr'><strong>¹praesertim</strong></span> <span class='ocrx_word' id='word_1_10' title='bbox 413 898 437 947; x_wconf 92' lang='lat' dir='ltr'><strong>e</strong></span> <span class='ocrx_word' id='word_1_11' title='bbox 479 871 595 947; x_wconf 89' lang='lat' dir='ltr'><strong>libris</strong></span> <span class='ocrx_word' id='word_1_12' title='bbox 617 846 872 969; x_wconf 61' lang='lat' dir='ltr'><strong>xsymbolicis</strong></span> <span class='ocrx_word' id='word_1_13' title='bbox 910 873 1135 963; x_wconf 84' lang='lat' dir='ltr'><strong>materiam,</strong></span> 
     </span>
     <span class='ocr_line' id='line_1_4' title="bbox 105 1001 1133 1108; baseline -0.003 -26"><span class='ocrx_word' id='word_1_14' title='bbox 105 1036 110 1047; x_wconf 88' lang='lat'><em>·</em></span> <span class='ocrx_word' id='word_1_15' title='bbox 139 1036 218 1108; x_wconf 92' lang='lat' dir='ltr'><strong>qua</strong></span> <span class='ocrx_word' id='word_1_16' title='bbox 244 1032 364 1082; x_wconf 88' lang='lat' dir='ltr'><strong>suum</strong></span> <span class='ocrx_word' id='word_1_17' title='bbox 386 1003 607 1079; x_wconf 90' lang='lat' dir='ltr'><strong>conderent</strong></span> <span class='ocrx_word' id='word_1_18' title='bbox 629 1019 814 1101; x_wconf 80' lang='lat' dir='ltr'><strong>systema,</strong></span> <span class='ocrx_word' id='word_1_19' title='bbox 839 1001 1133 1105; x_wconf 82' lang='lat' dir='ltr'><strong>depromerent,</strong></span> 
     </span>
     <span class='ocr_line' id='line_1_5' title="bbox 137 1134 1134 1236; baseline -0.004 -20"><span class='ocrx_word' id='word_1_20' title='bbox 137 1144 172 1216; x_wconf 93' lang='lat' dir='ltr'><strong>si</strong></span> <span class='ocrx_word' id='word_1_21' title='bbox 197 1166 281 1216; x_wconf 89' lang='lat' dir='ltr'><strong>non</strong></span> <span class='ocrx_word' id='word_1_22' title='bbox 317 1140 465 1227; x_wconf 84' lang='lat' dir='ltr'><strong>verbe,</strong></span> <span class='ocrx_word' id='word_1_23' title='bbox 488 1153 621 1212; x_wconf 88' lang='lat' dir='ltr'><strong>tamen</strong></span> <span class='ocrx_word' id='word_1_24' title='bbox 654 1162 697 1236; x_wconf 80' lang='lat' dir='ltr'><strong>re</strong></span> <span class='ocrx_word' id='word_1_25' title='bbox 724 1134 1001 1226; x_wconf 87' lang='lat' dir='ltr'><strong>definitiones,</strong></span> <span class='ocrx_word' id='word_1_26' title='bbox 1038 1163 1134 1236; x_wconf 89' lang='lat' dir='ltr'><strong>quas</strong></span> 
     </span>
     <span class='ocr_line' id='line_1_6' title="bbox 138 1267 1136 1378; baseline -0.004 -29"><span class='ocrx_word' id='word_1_27' title='bbox 138 1275 301 1378; x_wconf 84' lang='lat' dir='ltr'><strong>ecclesia</strong></span> <span class='ocrx_word' id='word_1_28' title='bbox 328 1272 390 1362; x_wconf 48' lang='lat' dir='ltr'><strong>dex</strong></span> <span class='ocrx_word' id='word_1_29' title='bbox 405 1269 494 1351; x_wconf 74' lang='lat' dir='ltr'><strong>fide,</strong></span> <span class='ocrx_word' id='word_1_30' title='bbox 506 1270 697 1371; x_wconf 82' lang='lat' dir='ltr'><strong>protulit,</strong></span> <span class='ocrx_word' id='word_1_31' title='bbox 724 1270 950 1371; x_wconf 83' lang='lat' dir='ltr'><strong>principem</strong></span> <span class='ocrx_word' id='word_1_32' title='bbox 971 1267 1136 1370; x_wconf 86' lang='lat' dir='ltr'><strong>dogma·</strong></span> 
     </span>
     <span class='ocr_line' id='line_1_7' title="bbox 136 1389 1135 1513; baseline -0.004 -31"><span class='ocrx_word' id='word_1_33' title='bbox 136 1411 235 1482; x_wconf 87' lang='lat' dir='ltr'><strong>tices</strong></span> <span class='ocrx_word' id='word_1_34' title='bbox 269 1402 427 1482; x_wconf 88' lang='lat' dir='ltr'><strong>fontem</strong></span> <span class='ocrx_word' id='word_1_35' title='bbox 462 1389 694 1479; x_wconf 86' lang='lat' dir='ltr'><strong>statuebant.</strong></span> <span class='ocrx_word' id='word_1_36' title='bbox 748 1406 881 1503; x_wconf 87' lang='lat' dir='ltr'><strong>Quos,</strong></span> <span class='ocrx_word' id='word_1_37' title='bbox 915 1418 961 1478; x_wconf 90' lang='lat' dir='ltr'><strong>ut</strong></span> <span class='ocrx_word' id='word_1_38' title='bbox 985 1429 1006 1477; x_wconf 87' lang='lat' dir='ltr'><strong>a</strong></span> <span class='ocrx_word' id='word_1_39' title='bbox 1033 1420 1135 1513; x_wconf 84' lang='lat' dir='ltr'><strong>cete·</strong></span> 
     </span>
    </p>

    <p class='ocr_par' dir='ltr' id='par_1_3' title="bbox 134 1515 1225 1770">
     <span class='ocr_line' id='line_1_8' title="bbox 134 1515 1225 1637; baseline -0.004 -22"><span class='ocrx_word' id='word_1_40' title='bbox 134 1545 189 1616; x_wconf 90' lang='lat' dir='ltr'><strong>ris</strong></span> <span class='ocrx_word' id='word_1_41' title='bbox 218 1544 339 1615; x_wconf 86' lang='lat' dir='ltr'><strong>etiam</strong></span> <span class='ocrx_word' id='word_1_42' title='bbox 377 1541 545 1613; x_wconf 86' lang='lat' dir='ltr'><strong>nomine</strong></span> <span class='ocrx_word' id='word_1_43' title='bbox 572 1536 887 1637; x_wconf 64' lang='lat' dir='ltr'><strong>distinguamus,</strong></span> <span class='ocrx_word' id='word_1_44' title='bbox 921 1553 1027 1611; x_wconf 89' lang='lat' dir='ltr'><strong>recte</strong></span> <span class='ocrx_word' id='word_1_45' title='bbox 1051 1563 1134 1619; x_wconf 86' lang='lat' dir='ltr'><strong>ec·</strong></span> <span class='ocrx_word' id='word_1_46' title='bbox 1213 1515 1225 1537; x_wconf 44' lang='lat'>³</span> 
     </span>
     <span class='ocr_line' id='line_1_9' title="bbox 137 1668 1027 1770; baseline -0.007 -22"><span class='ocrx_word' id='word_1_47' title='bbox 137 1668 1027 1770; x_wconf 84' lang='lat' dir='ltr'><strong>clesiastico·syn1bolicosdicimus.-</strong></span> 
     </span>
    </p>

    <p class='ocr_par' dir='ltr' id='par_1_4' title="bbox 108 1799 1232 2713">
     <span class='ocr_line' id='line_1_10' title="bbox 147 1799 1136 1894; baseline -0.005 -14"><span class='ocrx_word' id='word_1_48' title='bbox 147 1888 151 1894; x_wconf 59' lang='grc'>,</span> <span class='ocrx_word' id='word_1_49' title='bbox 230 1805 410 1880; x_wconf 87' lang='lat' dir='ltr'><strong>Luthero</strong></span> <span class='ocrx_word' id='word_1_50' title='bbox 447 1805 557 1877; x_wconf 83' lang='lat' dir='ltr'><strong>eninr</strong></span> <span class='ocrx_word' id='word_1_51' title='bbox 593 1819 775 1891; x_wconf 85' lang='lat' dir='ltr'><strong>mortuo,</strong></span> <span class='ocrx_word' id='word_1_52' title='bbox 812 1800 862 1875; x_wconf 89' lang='lat' dir='ltr'><strong>de</strong></span> <span class='ocrx_word' id='word_1_53' title='bbox 888 1799 1136 1885; x_wconf 83' lang='lat' dir='ltr'><strong>veraefidei</strong></span> 
     </span>
     <span class='ocr_line' id='line_1_11' title="bbox 136 1934 1135 2034; baseline 0 -24"><span class='ocrx_word' id='word_1_54' title='bbox 136 1934 318 2013; x_wconf 86' lang='lat' dir='ltr'><strong>doctrina</strong></span> <span class='ocrx_word' id='word_1_55' title='bbox 371 1939 478 2012; x_wconf 89' lang='lat' dir='ltr'><strong>inter</strong></span> <span class='ocrx_word' id='word_1_56' title='bbox 521 1937 731 2034; x_wconf 82' lang='lat' dir='ltr'><strong>theologos</strong></span> <span class='ocrx_word' id='word_1_57' title='bbox 771 1934 1032 2010; x_wconf 87' lang='lat' dir='ltr'><strong>vehementer</strong></span> <span class='ocrx_word' id='word_1_58' title='bbox 1076 1950 1135 2010; x_wconf 89' lang='lat' dir='ltr'><strong>est</strong></span> 
     </span>
     <span class='ocr_line' id='line_1_12' title="bbox 132 2056 1220 2168; baseline 0.001 -26"><span class='ocrx_word' id='word_1_59' title='bbox 132 2067 405 2168; x_wconf 77' lang='lat' dir='ltr'><strong>disputatum,</strong></span> <span class='ocrx_word' id='word_1_60' title='bbox 436 2079 683 2168; x_wconf 82' lang='lat' dir='ltr'><strong>magnaeque</strong></span> <span class='ocrx_word' id='word_1_61' title='bbox 709 2071 818 2141; x_wconf 85' lang='lat' dir='ltr'><strong>rixae</strong></span> <span class='ocrx_word' id='word_1_62' title='bbox 845 2064 964 2166; x_wconf 82' lang='lat' dir='ltr'><strong>a&#39;tque</strong></span> <span class='ocrx_word' id='word_1_63' title='bbox 991 2068 1133 2161; x_wconf 85' lang='lat' dir='ltr'><strong>turbae</strong></span> <span class='ocrx_word' id='word_1_64' title='bbox 1213 2056 1220 2067; x_wconf 43' lang='grc'><strong>“</strong></span> 
     </span>
     <span class='ocr_line' id='line_1_13' title="bbox 117 2197 1134 2303; baseline 0.001 -29"><span class='ocrx_word' id='word_1_65' title='bbox 117 2197 204 2275; x_wconf 66' lang='lat' dir='ltr'><strong>&#39;hac</strong></span> <span class='ocrx_word' id='word_1_66' title='bbox 231 2201 281 2276; x_wconf 89' lang='lat' dir='ltr'><strong>de</strong></span> <span class='ocrx_word' id='word_1_67' title='bbox 306 2228 351 2276; x_wconf 89' lang='lat' dir='ltr'><strong>re</strong></span> <span class='ocrx_word' id='word_1_68' title='bbox 383 2205 572 2277; x_wconf 83' lang='lat' dir='ltr'><strong>excitatae</strong></span> <span class='ocrx_word' id='word_1_69' title='bbox 599 2216 718 2301; x_wconf 53' lang='lat' dir='ltr'><strong>sunt.⁸</strong></span> <span class='ocrx_word' id='word_1_70' title='bbox 755 2200 817 2273; x_wconf 84' lang='lat' dir='ltr'><strong>Ad</strong></span> <span class='ocrx_word' id='word_1_71' title='bbox 844 2225 943 2297; x_wconf 28' lang='lat' dir='ltr'><strong>quas·</strong></span> <span class='ocrx_word' id='word_1_72' title='bbox 967 2226 1134 2303; x_wconf 89' lang='lat' dir='ltr'><strong>compo·</strong></span> 
     </span>
     <span class='ocr_line' id='line_1_14' title="bbox 130 2308 1131 2434; baseline 0.002 -28"><span class='ocrx_word' id='word_1_73' title='bbox 130 2333 283 2406; x_wconf 86' lang='lat' dir='ltr'><strong>nendas</strong></span> <span class='ocrx_word' id='word_1_74' title='bbox 308 2308 429 2408; x_wconf 83' lang='lat' dir='ltr'><strong>multi</strong></span> <span class='ocrx_word' id='word_1_75' title='bbox 452 2334 496 2409; x_wconf 90' lang='lat' dir='ltr'><strong>id</strong></span> <span class='ocrx_word' id='word_1_76' title='bbox 523 2334 748 2434; x_wconf 88' lang='lat' dir='ltr'><strong>plurimum</strong></span> <span class='ocrx_word' id='word_1_77' title='bbox 774 2331 904 2407; x_wconf 82' lang='lat' dir='ltr'><strong>facere</strong></span> <span class='ocrx_word' id='word_1_78' title='bbox 924 2335 1131 2434; x_wconf 80' lang='lat' dir='ltr'><strong>putabant,</strong></span> 
     </span>
     <span class='ocr_line' id='line_1_15' title="bbox 108 2438 1232 2567; baseline 0.001 -29"><span class='ocrx_word' id='word_1_79' title='bbox 108 2482 195 2552; x_wconf 84' lang='lat' dir='ltr'><strong>ut,</strong></span> <span class='ocrx_word' id='word_1_80' title='bbox 231 2490 332 2563; x_wconf 89' lang='lat' dir='ltr'><strong>quae</strong></span> <span class='ocrx_word' id='word_1_81' title='bbox 366 2465 463 2539; x_wconf 91' lang='lat' dir='ltr'><strong>libri</strong></span> <span class='ocrx_word' id='word_1_82' title='bbox 498 2467 716 2566; x_wconf 88' lang='lat' dir='ltr'><strong>synrbolici</strong></span> <span class='ocrx_word' id='word_1_83' title='bbox 752 2465 802 2539; x_wconf 85' lang='lat' dir='ltr'><strong>de</strong></span> <span class='ocrx_word' id='word_1_84' title='bbox 837 2464 918 2540; x_wconf 86' lang='lat' dir='ltr'><strong>fide</strong></span> <span class='ocrx_word' id='word_1_85' title='bbox 950 2438 1136 2540; x_wconf 80' lang='lat' dir='ltr'><strong>contine·¹</strong></span> <span class='ocrx_word' id='word_1_86' title='bbox 1175 2544 1195 2567; x_wconf 20' lang='grc' dir='ltr'><strong>Ι,</strong></span> <span class='ocrx_word' id='word_1_87' title='bbox 1229 2552 1232 2557; x_wconf 36' lang='grc'><strong>,</strong></span> 
     </span>
     <span class='ocr_line' id='line_1_16' title="bbox 128 2596 1133 2713; baseline -0.001 -41"><span class='ocrx_word' id='word_1_88' title='bbox 128 2614 235 2687; x_wconf 91' lang='lat' dir='ltr'><strong>reut,</strong></span> <span class='ocrx_word' id='word_1_89' title='bbox 263 2600 331 2698; x_wconf 90' lang='lat' dir='ltr'><strong>pie</strong></span> <span class='ocrx_word' id='word_1_90' title='bbox 351 2599 620 2671; x_wconf 87' lang='lat' dir='ltr'><strong>retinerentur</strong></span> <span class='ocrx_word' id='word_1_91' title='bbox 639 2596 955 2697; x_wconf 89' lang='lat' dir='ltr'><strong>disciplinaeque</strong></span> <span class='ocrx_word' id='word_1_92' title='bbox 978 2599 1133 2713; x_wconf 64' lang='lat' dir='ltr'><strong>integra</strong></span> 
     </span>
    </p>
   </div>
   <div class='ocr_carea' id='block_1_3' title="bbox 126 2727 1242 2832">
    <p class='ocr_par' dir='ltr' id='par_1_5' title="bbox 126 2727 1242 2832">
     <span class='ocr_line' id='line_1_17' title="bbox 126 2727 1242 2832; baseline 0 -27"><span class='ocrx_word' id='word_1_93' title='bbox 126 2733 409 2827; x_wconf 86' lang='lat' dir='ltr'><strong>insererentur.</strong></span> <span class='ocrx_word' id='word_1_94' title='bbox 473 2729 618 2832; x_wconf 88' lang='lat' dir='ltr'><strong>Quod,</strong></span> <span class='ocrx_word' id='word_1_95' title='bbox 654 2731 748 2821; x_wconf 82' lang='lat' dir='ltr'><strong>etsi,</strong></span> <span class='ocrx_word' id='word_1_96' title='bbox 785 2745 886 2825; x_wconf 84' lang='lat' dir='ltr'><strong>ante¹</strong></span> <span class='ocrx_word' id='word_1_97' title='bbox 909 2727 1132 2805; x_wconf 86' lang='lat' dir='ltr'><strong>formulam</strong></span> <span class='ocrx_word' id='word_1_98' title='bbox 1239 2738 1242 2742; x_wconf 79' lang='grc'><strong>’</strong></span> 
     </span>
    </p>
   </div>
   <div class='ocr_carea' id='block_1_4' title="bbox 128 2864 1235 2965">
    <p class='ocr_par' dir='ltr' id='par_1_6' title="bbox 128 2864 1235 2965">
     <span class='ocr_line' id='line_1_18' title="bbox 128 2864 1235 2965; baseline 0 -26"><span class='ocrx_word' id='word_1_99' title='bbox 128 2864 369 2939; x_wconf 87' lang='lat' dir='ltr'><strong>concordiae</strong></span> <span class='ocrx_word' id='word_1_100' title='bbox 387 2865 428 2959; x_wconf 62' lang='lat'><strong>³⁴)</strong></span> <span class='ocrx_word' id='word_1_101' title='bbox 468 2864 710 2941; x_wconf 84' lang='lat' dir='ltr'><strong>elaboratam</strong></span> <span class='ocrx_word' id='word_1_102' title='bbox 757 2877 797 2937; x_wconf 85' lang='lat' dir='ltr'><strong>et</strong></span> <span class='ocrx_word' id='word_1_103' title='bbox 833 2866 1130 2965; x_wconf 85' lang='lat' dir='ltr'><strong>promulgatam</strong></span> <span class='ocrx_word' id='word_1_104' title='bbox 1230 2874 1235 2883; x_wconf 68' lang='lat'><strong>⁴</strong></span> 
     </span>
    </p>
   </div>
   <div class='ocr_carea' id='block_1_5' title="bbox 129 3077 331 3093">
    <p class='ocr_par' dir='ltr' id='par_1_7' title="bbox 129 3077 331 3093">
     <span class='ocr_line' id='line_1_19' title="bbox 129 3077 331 3093; baseline -0.01 0"><span class='ocrx_word' id='word_1_105' title='bbox 129 3077 331 3093; x_wconf 49' lang='lat' dir='ltr'><strong>m-</strong></span> 
     </span>
    </p>
   </div>
   <div class='ocr_carea' id='block_1_6' title="bbox 91 3166 1128 3607">
    <p class='ocr_par' dir='ltr' id='par_1_8' title="bbox 91 3166 1128 3607">
     <span class='ocr_line' id='line_1_20' title="bbox 91 3166 1128 3269; baseline 0.007 -37"><span class='ocrx_word' id='word_1_106' title='bbox 91 3260 94 3267; x_wconf 33' lang='grc' dir='ltr'>Ι</span> <span class='ocrx_word' id='word_1_107' title='bbox 168 3173 200 3245; x_wconf 70' lang='lat' dir='ltr'><strong>*J</strong></span> <span class='ocrx_word' id='word_1_108' title='bbox 221 3169 269 3233; x_wconf 88' lang='lat' dir='ltr'><strong>De</strong></span> <span class='ocrx_word' id='word_1_109' title='bbox 289 3172 346 3237; x_wconf 86' lang='lat' dir='ltr'><strong>bac</strong></span> <span class='ocrx_word' id='word_1_110' title='bbox 360 3166 500 3237; x_wconf 38' lang='lat' dir='ltr'><strong>‘formula</strong></span> <span class='ocrx_word' id='word_1_111' title='bbox 521 3175 575 3257; x_wconf 18' lang='lat' dir='ltr'><strong>Jol.</strong></span> <span class='ocrx_word' id='word_1_112' title='bbox 597 3174 691 3236; x_wconf 83' lang='lat' dir='ltr'><strong>Laur.</strong></span> <span class='ocrx_word' id='word_1_113' title='bbox 705 3174 911 3269; x_wconf 76' lang='lat' dir='ltr'><strong>Moshemius,</strong></span> <span class='ocrx_word' id='word_1_114' title='bbox 931 3175 979 3239; x_wconf 75' lang='lat' dir='ltr'><strong>vir</strong></span> <span class='ocrx_word' id='word_1_115' title='bbox 1000 3176 1128 3267; x_wconf 76' lang='lat' dir='ltr'><strong>clariss,</strong></span> 
     </span>
     <span class='ocr_line' id='line_1_21' title="bbox 206 3285 1128 3375; baseline 0.008 -28"><span class='ocrx_word' id='word_1_116' title='bbox 206 3285 240 3348; x_wconf 90' lang='lat' dir='ltr'><strong>in</strong></span> <span class='ocrx_word' id='word_1_117' title='bbox 273 3285 520 3351; x_wconf 83' lang='lat' dir='ltr'><strong>institutionibus</strong></span> <span class='ocrx_word' id='word_1_118' title='bbox 556 3288 702 3359; x_wconf 83' lang='lat' dir='ltr'><strong>historiae</strong></span> <span class='ocrx_word' id='word_1_119' title='bbox 730 3290 949 3359; x_wconf 82' lang='lat' dir='ltr'><strong>ecclesiasticae</strong></span> <span class='ocrx_word' id='word_1_120' title='bbox 985 3291 1128 3375; x_wconf 82' lang='lat' dir='ltr'><strong>autiquae</strong></span> 
     </span>
     <span class='ocr_line' id='line_1_22' title="bbox 206 3403 1126 3489; baseline 0.007 -26"><span class='ocrx_word' id='word_1_121' title='bbox 206 3414 236 3463; x_wconf 85' lang='lat' dir='ltr'><strong>et</strong></span> <span class='ocrx_word' id='word_1_122' title='bbox 256 3424 316 3464; x_wconf 82' lang='lat' dir='ltr'><strong>rec.</strong></span> <span class='ocrx_word' id='word_1_123' title='bbox 345 3404 390 3465; x_wconf 88' lang='lat' dir='ltr'><strong>ita</strong></span> <span class='ocrx_word' id='word_1_124' title='bbox 410 3417 531 3489; x_wconf 79' lang='lat' dir='ltr'><strong>mouet:</strong></span> <span class='ocrx_word' id='word_1_125' title='bbox 573 3403 665 3467; x_wconf 84' lang='lat' dir='ltr'><strong>Valet</strong></span> <span class='ocrx_word' id='word_1_126' title='bbox 686 3418 805 3481; x_wconf 87' lang='lat' dir='ltr'><strong>autern,</strong></span> <span class='ocrx_word' id='word_1_127' title='bbox 835 3406 922 3488; x_wconf 89' lang='lat' dir='ltr'><strong>quod</strong></span> <span class='ocrx_word' id='word_1_128' title='bbox 941 3417 1051 3466; x_wconf 88' lang='lat' dir='ltr'><strong>uotum</strong></span> <span class='ocrx_word' id='word_1_129' title='bbox 1072 3419 1126 3480; x_wconf 83' lang='lat' dir='ltr'><strong>est,</strong></span> 
     </span>
     <span class='ocr_line' id='line_1_23' title="bbox 99 3504 1127 3607; baseline 0.004 -30"><span class='ocrx_word' id='word_1_130' title='bbox 99 3504 102 3509; x_wconf 42' lang='lat'><strong>¹</strong></span> <span class='ocrx_word' id='word_1_131' title='bbox 205 3516 403 3579; x_wconf 83' lang='lat' dir='ltr'><strong>celeberrima</strong></span> <span class='ocrx_word' id='word_1_132' title='bbox 431 3519 506 3581; x_wconf 82' lang='lat' dir='ltr'><strong>haec</strong></span> <span class='ocrx_word' id='word_1_133' title='bbox 534 3516 705 3581; x_wconf 84' lang='lat' dir='ltr'><strong>formula</strong></span> <span class='ocrx_word' id='word_1_134' title='bbox 734 3518 846 3602; x_wconf 83' lang='lat' dir='ltr'><strong>partim</strong></span> <span class='ocrx_word' id='word_1_135' title='bbox 875 3518 915 3581; x_wconf 86' lang='lat' dir='ltr'><strong>ad</strong></span> <span class='ocrx_word' id='word_1_136' title='bbox 942 3520 1127 3607; x_wconf 78' lang='lat' dir='ltr'><strong>dirimendas</strong></span> 
     </span>
    </p>
   </div>
   <div class='ocr_carea' id='block_1_7' title="bbox 207 3610 1218 3716">
    <p class='ocr_par' dir='ltr' id='par_1_9' title="bbox 207 3610 1218 3716">
     <span class='ocr_line' id='line_1_24' title="bbox 207 3610 1218 3716; baseline 0.007 -25"><span class='ocrx_word' id='word_1_137' title='bbox 207 3641 237 3692; x_wconf 87' lang='lat' dir='ltr'><strong>ct</strong></span> <span class='ocrx_word' id='word_1_138' title='bbox 266 3610 432 3695; x_wconf 79' lang='lat' dir='ltr'><strong>tollendas¹</strong></span> <span class='ocrx_word' id='word_1_139' title='bbox 455 3646 504 3696; x_wconf 88' lang='lat' dir='ltr'><strong>tot</strong></span> <span class='ocrx_word' id='word_1_140' title='bbox 540 3632 626 3710; x_wconf 81' lang='lat' dir='ltr'><strong>lites,</strong></span> <span class='ocrx_word' id='word_1_141' title='bbox 652 3653 742 3716; x_wconf 83' lang='lat' dir='ltr'><strong>-quae</strong></span> <span class='ocrx_word' id='word_1_142' title='bbox 767 3632 962 3696; x_wconf 82' lang='lat' dir='ltr'><strong>Lutheranaa</strong></span> <span class='ocrx_word' id='word_1_143' title='bbox 995 3634 1127 3698; x_wconf 83' lang='lat' dir='ltr'><strong>maxime</strong></span> <span class='ocrx_word' id='word_1_144' title='bbox 1216 3699 1218 3703; x_wconf 83' lang='grc'>,</span> 
     </span>
    </p>
   </div>
   <div class='ocr_carea' id='block_1_8' title="bbox 204 3745 1130 4279">
    <p class='ocr_par' dir='ltr' id='par_1_10' title="bbox 204 3745 1130 4171">
     <span class='ocr_line' id='line_1_25' title="bbox 204 3745 1125 3833; baseline 0.003 -26"><span class='ocrx_word' id='word_1_145' title='bbox 204 3759 278 3828; x_wconf 86' lang='lat' dir='ltr'><strong>post</strong></span> <span class='ocrx_word' id='word_1_146' title='bbox 304 3745 434 3808; x_wconf 88' lang='lat' dir='ltr'><strong>Lutheri</strong></span> <span class='ocrx_word' id='word_1_147' title='bbox 461 3760 594 3809; x_wconf 84' lang='lat' dir='ltr'><strong>mortem</strong></span> <span class='ocrx_word' id='word_1_148' title='bbox 621 3745 816 3813; x_wconf 66' lang='lat' dir='ltr'><strong>indiversus·</strong></span> <span class='ocrx_word' id='word_1_149' title='bbox 839 3760 944 3833; x_wconf 84' lang='lat' dir='ltr'><strong>partes</strong></span> <span class='ocrx_word' id='word_1_150' title='bbox 964 3761 1125 3823; x_wconf 82' lang='lat' dir='ltr'><strong>traxerant,</strong></span> 
     </span>
     <span class='ocr_line' id='line_1_26' title="bbox 204 3858 1130 3945; baseline 0.006 -26"><span class='ocrx_word' id='word_1_151' title='bbox 204 3859 317 3941; x_wconf 84' lang='lat' dir='ltr'><strong>partim</strong></span> <span class='ocrx_word' id='word_1_152' title='bbox 346 3862 386 3922; x_wconf 88' lang='lat' dir='ltr'><strong>ad</strong></span> <span class='ocrx_word' id='word_1_153' title='bbox 413 3860 665 3923; x_wconf 76' lang='lat' dir='ltr'><strong>Reformatorum</strong></span> <span class='ocrx_word' id='word_1_154' title='bbox 695 3860 735 3924; x_wconf 86' lang='lat' dir='ltr'><strong>ds</strong></span> <span class='ocrx_word' id='word_1_155' title='bbox 762 3883 785 3923; x_wconf 81' lang='lat' dir='ltr'><strong>s</strong></span> <span class='ocrx_word' id='word_1_156' title='bbox 809 3883 905 3925; x_wconf 84' lang='lat' dir='ltr'><strong>coena</strong></span> <span class='ocrx_word' id='word_1_157' title='bbox 933 3876 964 3924; x_wconf 88' lang='lat' dir='ltr'><strong>et</strong></span> <span class='ocrx_word' id='word_1_158' title='bbox 991 3858 1130 3945; x_wconf 78' lang='lat' dir='ltr'><strong>persona</strong></span> 
     </span>
     <span class='ocr_line' id='line_1_27' title="bbox 207 3971 1122 4041; baseline 0.001 -5"><span class='ocrx_word' id='word_1_159' title='bbox 207 3972 326 4036; x_wconf 83' lang='lat' dir='ltr'><strong>Christi</strong></span> <span class='ocrx_word' id='word_1_160' title='bbox 358 3975 521 4039; x_wconf 79' lang='lat' dir='ltr'><strong>sententias</strong></span> <span class='ocrx_word' id='word_1_161' title='bbox 557 3997 575 4037; x_wconf 85' lang='lat' dir='ltr'><strong>a</strong></span> <span class='ocrx_word' id='word_1_162' title='bbox 603 3971 716 4039; x_wconf 81' lang='lat' dir='ltr'><strong>finibus</strong></span> <span class='ocrx_word' id='word_1_163' title='bbox 737 3975 931 4038; x_wconf 68' lang='lat' dir='ltr'><strong>‹Lutberania</strong></span> <span class='ocrx_word' id='word_1_164' title='bbox 967 3977 1122 4041; x_wconf 80' lang='lat' dir='ltr'><strong>arcendas.</strong></span> 
     </span>
     <span class='ocr_line' id='line_1_28' title="bbox 204 4083 609 4171; baseline 0.035 -20"><span class='ocrx_word' id='word_1_165' title='bbox 204 4083 236 4171; x_wconf 63' lang='lat' dir='ltr'><strong>pss</strong></span> <span class='ocrx_word' id='word_1_166' title='bbox 259 4091 327 4157; x_wconf 81' lang='lat'><strong>756·</strong></span> <span class='ocrx_word' id='word_1_167' title='bbox 602 4156 609 4165; x_wconf 91' lang='grc'><em>,</em></span> 
     </span>
    </p>

    <p class='ocr_par' dir='ltr' id='par_1_11' title="bbox 699 4202 749 4279">
     <span class='ocr_line' id='line_1_29' title="bbox 699 4202 749 4279; baseline 0 0"><span class='ocrx_word' id='word_1_168' title='bbox 699 4202 749 4279; x_wconf 67' lang='lat'><strong>3²³²</strong></span> 
     </span>
    </p>
   </div>
   <div class='ocr_carea' id='block_1_9' title="bbox 0 0 1294 4942">
    <p class='ocr_par' dir='ltr' id='par_1_12' title="bbox 0 0 1294 4942">
     <span class='ocr_line' id='line_1_30' title="bbox 0 0 1294 4942; baseline 0 4"><span class='ocrx_word' id='word_1_169' title='bbox 0 0 1294 4942; x_wconf 95' lang='lat' dir='ltr'><strong> </strong></span> 
     </span>
    </p>
   </div>
  </div>
 </body>
</html>
