2580 4942
382 299 778 396 CLAUDIUS.
1042 315 1110 402 295

52 505 118 566 nos
138 491 346 562 habitus'est
368 484 538 553 clarorum
566 486 717 558 virorum
743 493 885 578 funeri,
907 510 947 561 ut
976 493 1105 564 milites
1209 571 1211 580 Ι

55 605 159 668 armis
187 594 371 678 instructi,
405 592 514 679 gradu
550 593 691 666 militari
721 618 755 667 et
788 598 923 667 ludicre
953 602 1104 696 quadam

52 707 300 774 exercitatione
329 702 419 767 circa
440 725 560 788 rogum
588 702 827 773 decurrerent.
859 708 983 795 Virgil.
1010 710 1100 778 Aen.

54 814 118 885 XI.
144 816 216 882 188.
265 814 337 878 Ter
357 812 496 877 circam
517 833 712 893 accensos,
736 813 850 879 cincti
868 813 1105 901 fulgentibus

54 923 197 1002 armis,
230 918 438 985 Decurrere
471 940 588 1005 rogos.
622 941 654 984 v.
682 919 768 986 Stat.
795 918 909 988 Theb.
932 924 992 992 VI.
1027 927 1105 991 213·

54 1030 117 1120 qui
138 1027 233 1092 hunc
261 1045 392 1090 morem
421 1023 672 1091 accuratissime
694 1023 906 1117 descripsit,
938 1046 974 1098 et
1004 1030 1102 1123 Lips.
1215 1016 1217 1020 ⁸

18 1215 24 1226 .
51 1131 99 1199 ad
123 1133 234 1197 Tacit.
257 1130 352 1195 Ann.
370 1130 414 1196 Π.
437 1152 467 1216 7.

98 1239 374 1327 Supplicareat,
408 1238 431 1304 i.
463 1262 492 1305 e.
534 1261 629 1306 sacra
656 1239 823 1306 facerent.
854 1266 887 1312 v.
919 1260 1035 1313 notata
1055 1243 1102 1312 ad

53 1348 146 1434 Aug.
166 1351 245 1430 55.ι
840 1412 842 1415 .
1054 1337 1058 1348 ’

12 1524 16 1531 ,
101 1457 305 1538 Gloriosus,
329 1469 388 1520 'est
412 1456 538 1542 gloriae
565 1454 733 1547 cupidus,
755 1472 933 1545 appetens,
978 1457 1105 1527 Gloria

54 1578 140 1631 vero
155 1562 299 1654 proprie
323 1560 453 1629 dicitur
481 1565 525 1632 de
542 1563 664 1645 laude,
690 1586 777 1653 quae
800 1563 894 1631 bello
919 1589 1101 1661 compara·

55 1687 128 1740 tur.
152 1695 183 1736 v.
207 1671 291 1738 Intt.
313 1668 356 1736 ad
379 1668 524 1736 Phaedr.
547 1670 576 1736 I.
602 1693 652 1736 11.
676 1695 706 1737 1.

111 1770 245 1866 Opima
266 1782 401 1867 spolia,
425 1802 512 1868 quae
538 1777 614 1868 quis
637 1775 786 1843 hostium
812 1775 892 1844 duci
914 1802 1010 1847 caeso
1034 1767 1102 1848 dc-

56 1886 224 1954 traheret.
248 1912 279 1954 v.
301 1889 458 1955 Perizon.
481 1886 610 1953 Anim.
624 1883 810 1976 Histacap.
833 1888 910 1958 VII.

110 1994 281 2078 Omnino,
304 1995 326 2059 i.
351 2018 380 2060 e.
404 2008 547 2059 tautum.

109 2102 145 2175 2,
190 2103 328 2168 Morbis
360 2103 567 2181 tenacibus,
601 2102 625 2168 i.
661 2127 690 2169 e.
727 2105 1012 2192 contumacibus,
1045 2107 1107 2194 qui

60 2227 135 2270 non
158 2199 323 2267 cederent
347 2196 618 2267 remediis-ullis.
667 2200 724 2268 Sic
750 2204 1025 2292 tenaxfortuna
1047 2202 1109 2269 di·
1206 2236 1212 2262 ·,

60 2313 155 2377 citur
178 2310 221 2374 ab
243 2305 348 2373 ovid.
370 2311 431 2375 IV.
455 2334 496 2374 ex
518 2310 556 2374 P.
582 2313 612 2377 6.
638 2333 668 2394 7.
693 2323 801 2377 tenax
828 2336 942 2401 equus
972 2312 1014 2377 ah
1043 2334 1106 2378 eo-

57 2421 145 2488 dem
165 2418 281 2485 Amor.
301 2416 366 2480 ΙΙΙ.
386 2415 420 2483 4.
445 2418 495 2482 15.
519 2430 554 2479 et
571 2415 669 2480 Livio
690 2417 854 2485 XXXIX.
879 2424 930 2491 25.
1144 2485 1148 2491 ,
1184 2487 1190 2497 ,

108 2533 201 2596 Post
221 2525 373 2591 tutelam
394 2534 597 2607 receptam,
619 2523 643 2587 i.
662 2547 693 2589 e.
716 2540 897 2614 postquam
919 2527 1019 2594 desiit
1039 2555 1111 2598 esse
1210 2585 1212 2591 .

60 2638 127 2704 sub
162 2652 293 2718 tutore,
331 2648 515 2722 postquam
549 2630 689 2697 tutelam
722 2633 773 2697 sui
807 2634 952 2721 recepit.
993 2635 1116 2722 Nepos'

63 2745 165 2813 Eum.
189 2768 220 2810 2.
255 2741 374 2831 quoad
400 2740 506 2806 liberi
533 2740 611 2804 eius
641 2739 679 2803 in
704 2761 808 2803 suam
838 2742 989 2806 tutelam
1013 2764 1108 2829 per·

58 2856 252 2931 vertissent.
276 2876 307 2918 v.
331 2844 532 2918 Ernest.ad
554 2846 591 2910 h.
614 2842 639 2911 l'.

109 2959 357 3024 Iumentarias
384 2954 533 3037 dicitur,
550 2952 625 3044 qui
652 2967 785 3040 praeest
814 2952 986 3020 iumentis.
1032 2955 1110 3019 Su-

62 3066 399 3155 periumeatarius,
431 3063 493 3154 qui
517 3059 711 3150 praefectus
745 3075 795 3125 est
824 3058 1056 3134 iumentariis.
1077 3080 1109 3128 r.

58 3171 212 3240 Casauh.
236 3168 279 3235 ad
301 3169 338 3234 h.
360 3169 385 3237 l.

56 3325 65 3344 .
118 3281 366 3361 Palliolatas,
402 3280 425 3343 i.
458 3273 624 3365 e.·pallio
657 3291 759 3365 ceput
793 3289 937 3359 tegens,
973 3289 1012 3359 ut
1041 3294 1110 3352 ,ac-

65 3392 156 3479 groti
189 3387 300 3453 facere
329 3384 496 3451 solebant.
530 3382 636 3449 Rutil.
667 3387 756 3472 Lup.
784 3385 830 3449 II.
860 3406 896 3474 p.
925 3380 996 3446 104.
1018 3381 1110 3465 pal·

63 3504 148 3571 'liolo
164 3497 295 3585 frigas
322 3520 346 3560 a
375 3493 494 3579 capite
519 3489 724 3578 defendens.
757 3490 819 3555 ubi
845 3513 876 3555 v.
901 3509 987 3577 quae
1007 3502 1112 3554 nota-

72 3611 195 3678 vimus.

121 3717 157 3788 3.
201 3712 483 3798 Experimeata‚
505 3704 529 3770 i.
556 3707 809 3794 e.·specimina.

121 3817 228 3900 Spem
260 3807 551 3885 commodiorem,
581 3805 605 3870 i.
633 3828 663 3871 e.
695 3806 884 3878 meliorem.
921 3805 1044 3871 Caesar
1073 3800 1118 3869 de

73 3924 114 3993 B.
138 3920 180 3988 G.
203 3916 280 3987 VII.
305 3916 336 3982 6.
360 3902 599 3981 ανόαηαεΤεε
625 3916 894 3982 commodiorem
913 3915 951 3980 in
980 3920 1119 3978 statum

489 4033 491 4038 “
639 4017 670 4083 Τ
694 4019 714 4088 5
1024 4036 1119 4102 per·
