2580 4942
422 304 719 387 causas.
1055 341 1094 387 n

46 499 187 578 militae
210 496 396 587 explioare‘
423 493 463 560 in
490 517 529 569 re
552 488 753 582 pecuniaria
778 487 917 570 dicitur.
949 497 1021 564 Cic.
1045 496 1089 567 ad

54 607 131 676 Aa
148 607 230 674 XII.
254 627 308 694 29.
351 599 533 669 Faberius
553 599 653 666 nobis
669 621 795 665 nonwn
816 600 906 669 illud
921 606 1089 690 explieat.

55 736 89 780 v·
113 711 257 791 Ernesti
277 711 407 799 Opusc.
430 705 521 781 Phil.
544 706 678 780 etCrit.
701 730 738 793 p.
761 705 810 773 14.
833 704 924 773 etad
948 710 1089 779 Sueten.

59 817 146 888 Tib.
169 817 225 886 48.

104 923 293 1007 Exponere
316 919 490 986 nauticum
515 919 658 987 verbum
684 936 753 1003 est,
777 937 941 1012 notatque
970 938 1090 988 vecto-

60 1051 117 1109 res
138 1051 157 1092 e
179 1025 258 1091 navi
275 1025 312 1089 in
332 1043 458 1093 terram
483 1025 642 1094 educere.
686 1029 842 1119 Utroque
868 1024 969 1093 modo
996 1025 1090 1092 dici-

62 1151 141 1217 tur,
161 1156 333 1220 exponere
350 1139 387 1203 in
410 1138 536 1219 litore,
559 1152 594 1201 et
619 1138 658 1202 in
677 1138 776 1202 litua.
800 1156 831 1201 v.
848 1133 1022 1206 Drakenb.
1048 1133 1092 1201 ad

62 1242 138 1317 Liv.
158 1241 322 1312 XXVIII.
343 1243 396 1312 44.

108 1351 256 1418 Deduei
278 1351 420 1441 proprie
446 1374 546 1417 naves
569 1348 756 1431 dicuntur,
779 1371 918 1415 eumer
942 1350 1033 1417 sicco
1055 1351 1095 1417 in

63 1478 159 1536 mare
189 1453 383 1532 trahuntur.
414 1454 537 1540 virgil.
573 1455 660 1521 Aen.
691 1458 751 1523 Ill.
776 1479 829 1542 71.
897 1455 1097 1527 Deductus

65 1562 159 1638 socii
188 1584 328 1643 naves,
359 1576 396 1629 et
421 1566 529 1629 litora
559 1565 743 1646 complent.
798 1562 1015 1634 Contrarium
1045 1579 1097 1628 est

65 1667 219 1745 subduci
225 1714 240 1748 ‚,
257 1689 336 1737 curn
348 1692 389 1733 ex
404 1669 488 1738 mari
502 1668 538 1733 in
559 1664 638 1732 litus
655 1669 848 1737 trahuntur.
873 1670 947 1736 Liv.
963 1670 1095 1740 XXIX.

68 1799 100 1844 1.
121 1787 261 1841 veteres
282 1798 393 1855 naves
420 1774 561 1862 reficit,
591 1799 696 1841 nonas
721 1776 891 1842 Panormi
915 1775 1096 1850 subducit.

66 1882 249 1953 Rationem
274 1879 410 1946 navium
429 1876 730 1957 ¹subducendarum
761 1881 934 1968 eleganter
960 1881 1097 1949 deseri-⁴

67 1987 123 2056 hit
144 1987 277 2066 Minue.
301 1984 373 2051 Fel.
393 1990 423 2055 5·
456 1989 518 2054 ubi
542 1990 738 2056 subductae
769 1991 970 2072 naviculae,
1006 1991 1096 2057 sub-

68 2097 200 2175 stratis
224 2093 432 2178 'roboribus²
463 2121 485 2162 a
508 2109 652 2173 terrena
678 2097 756 2163 bibe
777 2121 970 2186 suspensae
991 2098 1095 2185 quie-

66 2203 229 2284 scebant.
608 2284 611 2296 ‚

114 2308 217 2373 Inter
231 2307 391 2389 iooum‚i
417 2330 450 2372 e.
461 2330 525 2395 per
542 2307 665 2374 iocum.
688 2307 791 2383 Inter
804 2333 905 2400 saepe
921 2307 1013 2375 idem
1026 2325 1099 2392 est,

71 2410 167 2505 quod
188 2416 227 2480 in
245 2410 299 2479 vel
314 2436 409 2498 per,
433 2409 531 2487 etde
555 2410 650 2496 loco,
674 2427 844 2501 tempore,
878 2432 912 2481 et
934 2438 971 2481 re
1004 2413 1097 2480 ‹lici-

69 2537 140 2590 tur.
162 2519 251 2604 Aug.
275 2544 326 2607 71.
349 2522 446 2589 inter
471 2544 616 2585 coenam
639 2521 801 2585 laesimus.
827 2518 929 2589 Galb.
949 2524 980 2589 5.
1004 2524 1100 2586 inter

69 2639 284 2703 conventum
306 2639 565 2703 matronarum.
599 2648 630 2693 v.
652 2623 779 2694 Duker.
811 2625 854 2691 ad
880 2626 971 2692 Flor.
998 2625 1043 2694 II.
1067 2628 1100 2699 6.

69 2759 110 2829 p..
130 2739 203 2820 517.

117 2836 358 2918 Nutantes-,u
370 2859 401 2901 e.
418 2832 538 2900 dubias
547 2855 682 2919 ,utrum
702 2849 897 2930 perstarent
905 2835 942 2899 in
957 2830 1102 2916 fide,au

71 2969 146 3030 sese
166 2942 392 3026 adiungerent
410 2939 617 3010 Mithridati.
652 2949 798 3014 Nutare
811 2944 952 3034 proprie
972 2957 1023 3007 est
1040 2943 1101 3005 in-

73 3050 226 3130 elinare,
251 3045 410 3114 translate
430 3048 601 3117 incertum
620 3053 796 3120 esse.'Cic.
817 3047 860 3115 de
879 3052 920 3115 N.
943 3050 984 3115 D.
1006 3048 1032 3113 Ι.
1049 3046 1105 3118 43«

73 3171 183 3242 nutat
212 3157 251 3220 in
277 3169 411 3222 natura
432 3156 605 3223 Deorum.
625 3182 628 3187 ¹
648 3159 780 3225 Minue.
807 3155 877 3222 Fel.
900 3159 949 3222 16.
972 3176 1106 3218 erran-.

74 3248 170 3354 tem,
189 3288 342 3352 vagam,
365 3261 539 3328 lubricam
569 3280 716 3332 nutasse
738 3264 965 3335 sententiam.
985 3256 1048 3324 ubi
1070 3281 1108 3334 v.

74 3373 188 3443 DaviS.
442 3438 446 3445 ,

124 3478 160 3550 5.
207 3476 411 3542 Tribunatu
428 3478 603 3554 rnilitum,
619 3477 642 3546 i.
652 3500 685 3546 e.
701 3500 777 3541 eum
792 3471 949 3541 tribunus
961 3471 1109 3545 militum

79 3592 174 3650 esset.
220 3576 277 3641 Sic
300 3578 405 3664 Vesp.
426 3599 457 3641 2.
489 3579 676 3643 tribunatu
698 3578 854 3642 militum
880 3577 918 3640 in
949 3575 1110 3641 Thracio

63 3684 224 3750 'aurata
282 3681 484 3748 Torrentius
500 3696 658 3773 ¹utroque
685 3683 762 3749 loeo
796 3682 962 3772 corrigere
1000 3693 1112 3747 tentat

80 3792 245 3873 tribunae
275 3792 450 3871 militum,
480 3813 582 3878 quem
607 3789 697 3858 bene
723 3787 850 3855 refellit
882 3792 1032 3857 Gronov.
1064 3783 1108 3853 ad

81 3896 156 3973 Liv.
173 3898 217 3964 V.
241 3895 292 3962 54.
315 3919 385 3963 non
411 3912 543 3967 mutans
565 3915 682 3987 postea
705 3897 931 3980 sententiam,
952 3911 991 3959 ut
1016 3894 1131 3959 Bur-¹

83 4026 209 4087 manue
236 4000 383 4072 videtur.
406 4030 436 4072 v.
462 4002 626 4079 Oudend.
654 4006 697 4076 ad
718 4007 806 4096 Aug.
828 4010 883 4117 Ι15.
928 4001 1107 4113 Tribuna-

1055 4118 1110 4170 tus
