2580 4942
383 313 679 397 GAESAsp
999 330 1041 414 ῃ

50 501 275 582 Enmnarre,
306 498 381 567 ie.
412 500 451 569 in
482 498 601 589 vulgus
618 498 759 567 exiisse.
791 496 866 568 Liv.
895 499 956 571 111.
990 506 1047 576 24.

74 613 138 678 itia
154 606 368 676 amnabant
391 606 550 675 indiciis.
573 605 635 672 ubi
656 629 687 673 v.
710 596 883 673 Dralrenb.¹

53 719 151 784 Male
176 715 445 804 praecinctum,
477 716 501 781 i.
533 740 562 782 e.
591 736 738 802 parum,
766 711 835 779 sive
865 734 935 777 uon
963 699 1043 782 satis

58 824 262 889 accinctum.
318 821 409 887 Haec
441 822 604 910 frequens
637 835 688 884 est
717 819 920 904 significatio
952 810 1043 889 vocis

104 973 114 993 .
138 927 257 993 Horat.
276 927 305 992 Ι.
329 927 441 994 Garm.
462 954 493 1017 9.
522 932 573 998 25.
616 929 827 1016 Pignuaque
854 924 1042 1013 dereptum

70 1033 160 1098 ertia
181 1032 265 1100 Aut
284 1037 401 1124 digito
430 1039 520 1103 male
534 1035 733 1122 pertinaci.
770 1031 900 1098 Seneca
921 1030 1041 1117 Agam.

61 1163 89 1205 1.
120 1140 257 1207 Pendet
272 1143 403 1229 exigua
424 1144 514 1207 nrale
540 1141 659 1228 Caput
676 1152 905 1226 amputatum
916 1154 1042 1227 parte.

44 1260 154 1311 atron.
176 1247 228 1313 86.
260 1250 467 1315 consurrexi
487 1247 537 1313 ad
556 1270 682 1313 aurem
708 1247 798 1310 male
821 1245 1045 1313 dormientis.

63 1352 76 1416 i
98 1376 129 1416 r.
150 1352 234 1418 Iutt.
256 1351 343 1437 Aug.
367 1375 418 1420 21.
441 1357 603 1422 nationes
624 1354 715 1419 rnale
738 1355 879 1438 quietae
905 1354 956 1419 ad
977 1355 1041 1419 ob-

76 1457 177 1521 uiam
199 1456 346 1541 redigit.
375 1480 405 1525 ι.
430 1458 588 1526 Lambin.
620 1457 663 1524 ad
696 1459 812 1523 Horat.
834 1458 863 1523 Ι.
887 1457 996 1526 Serme
1010 1463 1044 1529 5.·

91 1549 126 1627 et
147 1559 357 1629 Freinshem.
380 1560 459 1629 Iud.
482 1561 575 1627 Flori
597 1586 628 1630 v.
652 1560 754 1628 Male.

29 1663 122 1747 ⁵¹46.
167 1665 212 1731 In
228 1691 336 1734 sacra
358 1673 420 1739 via
438 1672 538 1737 doura
554 1667 717 1755 publica.
760 1664 817 1732 Sic
839 1666 1043 1761 Pantilicem

69 1765 195 1831 ximum
204 1764 358 1834 habitare
370 1792 506 1836 necesse
520 1783 602 1834 erat.
618 1791 648 1834 v.
663 1764 880 1849 Torrentad
893 1765 980 1853 Aug.
990 1770 1043 1854 76.

21 1888 26 1897 '
51 1873 282 1961 flanditiae,
317 1873 481 1942 dicuntur
512 1872 555 1940 de
587 1873 680 1938 omni
713 1869 807 1937 cultu
830 1870 868 1935 in
896 1868 1044 1955 vestitu,

57 1980 206 2067 uviviis,
237 1979 476 2069 supellectile,
509 1999 574 2049 etc.
632 1982 697 2048 Hic
736 1979 780 2047 de
810 1975 1051 2043 aedificiorum

85 2086 176 2151 antia
211 2109 327 2152 vocem
361 2087 559 2155 sumendam
593 2111 686 2170 esse,
722 2101 898 2174 contextus
932 2079 1046 2150 docet.

76 2193 194 2257 nimio
220 2192 371 2280 corporis
398 2191 492 2258 cultu
518 2194 632 2259 estin
658 2190 789 2258 Othon.
816 2212 867 2258 ιι.
911 2191 1045 2258 Fuisse

73 2286 178 2364 ditur
196 2298 457 2391 munditiarum
477 2325 595 2390 paene
623 2303 699 2366 mul
685 2283 859 2367 liebrium.
904 2288 1044 2362 Scilicet

10 2382 231 2499 baliaribus
238 2405 380 2472 maxime
404 2408 603 2474 munditiae
627 2407 837 2473 tribuuntur.
861 2394 1058 2472 v.Dul1er..

10 2498 53 2575 Ἠ
77 2510 153 2577 Liv.
168 2509 330 2578 XXXIV.
352 2535 383 2598 7.

10 2618 201 2689 La'utit
170 2629 243 2682 trae
253 2660 264 2697 ,
282 2611 444 2680 dicuntur
458 2612 501 2680 de
522 2635 689 2709 apparatu
704 2622 886 2708 magnifico
898 2622 936 2686 in
956 2638 1038 2687 eoe-

10 2721 72 2815 nis.
96 2720 186 2811 Aug.
204 2745 256 2809 71.
281 2723 462 2811 refutavit
489 2727 722 2793 lautitiarum
739 2710 944 2808 inuidiam.
992 2760 1001 2777 .

22 2828 265 2894 Tessellata
302 2841 338 2894 et
372 2832 512 2898 sectilia
543 2836 782 2920 pavimenta.⁸
830 2839 1043 2919 ¹Pauimenta

10 2948 107 3041 gasat
130 2935 326 3019 materiam,
349 2960 390 3003 ex
413 2962 481 3028 qua
502 2938 591 3004 fiunt
611 2943 821 3042 pavimenta.
862 2944 1042 3010 Tessella-

10 3050 50 3137 μ
78 3038 274 3125 dicuntur,
311 3061 397 3132 quae
432 3068 451 3107 a
477 3043 661 3110 tessellis
650 3071 674 3114 1.
709 3074 739 3116 e.
770 3050 884 3140 parvis
913 3046 1041 3137 lapillis

10 3161 170 3241 gautexta
199 3163 306 3230 sunt,
342 3145 483 3238 aliisque
514 3151 711 3218 nominibus
740 3155 978 3222 vermiculata
1004 3170 1041 3220 et

10 3252 146 3353 mueira
184 3195 413 3339 appellantur.
486 3257 613 3322 Secti
586 3259 636 3322 aa
668 3257 882 3344 dicuntur,
878 3286 986 3352 quae
1021 3285 1042 3328 e

10 3356 185 3425 marmoris
207 3356 389 3423 maioribus
411 3357 608 3457 fragmentis
634 3384 724 3432 secta
743 3383 848 3450 suut,
870 3383 904 3433 et
925 3367 1040 3432 artifi-

38 3462 100 3531 ‘ose
131 3454 306 3555 disposita·
351 3464 661 3556 G1aecitnto'caaw
688 3490 819 3541 vocant.
843 3498 873 3542 v.
898 3475 1042 3544 Casaub.

51 3571 161 3661 ‘osque
184 3573 394 3662 Interpretes
419 3570 462 3636 ad
491 3564 526 3641 h.
549 3574 572 3644 l.
632 3578 729 3645 Talia
755 3582 947 3685 pauimenta
972 3570 1040 3646 arl-

30 3669 117 3755 lac
107 3702 144 3744 111
165 3679 263 3747 Italia
286 3697 486 3768 supersunt,
516 3682 559 3750 de
590 3674 725 3776 quibus
745 3676 897 3778 disputat
922 3691 1039 3757 Ciam-

37 3778 113 3863 plnus
139 3782 232 3851 libra
258 3783 301 3852 de
321 3789 456 3854 musivis
481 3793 654 3879 operibus.

10 3912 24 3951 a
45 3886 120 3963 ..ll
161 3893 390 3980 Exegisscs
381 3920 403 3962 1.
426 3921 455 3963 e.
479 3903 696 3969 examinasse.
721 3901 793 3968 Cic.
810 3900 917 3973 Verr.
939 3903 968 3968 Ι.
989 3905 1041 3971 5ι.

44 3943 385 4079 “inerpendiculula
425 4000 604 4070 columnas
637 4005 788 4093 rumigera
830 3984 905 4072 Lit.
926 3996 984 4091 VI.
1011 4003 1045 4069 4.

979 4131 1043 4172 ae-
