2580 4942
409 317 705 393 cussus.
1030 348 1066 412 «9

25 510 155 598 postes
174 499 310 571 andiunt
334 496 470 571 inarum
483 510 497 589 ,'
528 520 690 594 tanquam
711 503 835 572 civium
856 508 1064 587 servatores,

36 628 219 679 omniunt.
244 636 275 680 v.
287 610 391 679 Otid.
405 613 490 679 Met.
501 613 529 679 I.
539 615 613 681 562.
632 612 738 677 Trist.
756 610 818 677 ΙΙΙ.
841 633 873 676 1.
895 612 1062 682 5681151.

37 717 124 784 Tib.
149 721 202 788 26.
226 733 260 785 et
278 719 330 786 ibi
350 723 434 789 Intt.
479 722 527 787 Ee
551 740 688 809 quoquc
706 717 856 782 occurrit
878 717 915 783 in
946 720 1066 808 Impe-

42 824 323 891 ratorumnumis
346 847 424 888 cum
445 826 692 916 inscriptione,
715 825 756 890 ob
780 826 876 889 cives
900 841 1067 893 servatos.

90 934 125 1007 3.
152 931 320 998 Meruit.
344 927 500 1014 Intellige
521 930 759 1016 stipendium,
782 926 836 994 vel
851 954 949 996 aera.
982 935 1065 998 Me-

53 1055 120 1098 rere
142 1054 243 1122 saepe
263 1029 467 1119 simpliciter
488 1026 615 1095 dicitur
634 1052 700 1120 pro
724 1027 882 1094 militare.
909 1031 980 1098 Cic.
1005 1056 1070 1122 pro
1175 1104 1178 1109 .

52 1139 159 1204 Rabir.
175 1161 228 1205 21.
253 1161 320 1228 quo
340 1149 380 1201 ta
394 1137 609 1224 imperatore
629 1136 796 1203 meruisti
806 1135 825 1201 ,7
843 1136 927 1203 Stat.
952 1138 1067 1206 Theb.

54 1244 103 1313 lv.
127 1241 202 1331 ¹25⁸7.
229 1243 331 1312 'Non
351 1241 478 1307 nisibi
493 1244 623 1326 solam,
646 1243 897 1328 Ampliiaaai‘,
920 1262 1067 1315 nierent.

56 1350 147 1416 Plena
166 1349 339 1416 locutione
367 1346 471 1415 Ovid.
494 1350 612 1417 Amor.
636 1349 664 1415 Ι.
691 1373 740 1415 ιο.
766 1372 819 1417 20.
861 1353 947 1418 Non
968 1353 1070 1423 decet

58 1459 195 1525 imbelles
216 1480 305 1522 aero
333 1477 469 1522 merere
485 1458 601 1526 ..Deae
634 1478 667 1524 v.
696 1455 812 1522 Senot.
842 1456 930 1526 Min.
952 1459 1013 1527 IV.
1035 1460 1068 1526 4.

58 1588 86 1652 p.
104 1565 196 1632 645.

91 1672 204 1738 Simul
221 1669 316 1736 idem
336 1685 408 1751 est,
431 1666 524 1761 quod
551 1683 597 1736 et.
622 1668 696 1737 Liv.
719 1669 848 1739 XXIII.
868 1695 922 1740 12.
956 1687 1065 1741 taen

61 1778 110 1843 iae
133 1780 244 1844 simul
256 1780 365 1865 pacis
383 1777 642 1864 libertatisque.
666 1776 727 1841 ubi
749 1801 781 1842 v.
804 1778 888 1844 lntt.
924 1781 1044 1847 Pro
1010 1807 1065 1847 st-

60 1887 120 1950 mal
139 1883 204 1951 inf.
230 1887 283 1971 67.
306 1900 357 1951 est
378 1885 488 1950 simul
508 1897 556 1950 et.
579 1883 641 1948 ubi
659 1907 690 1950 v.
714 1883 877 1952 Oudend.
909 1932 920 1961 ,ι

93 1991 382 2072 Conditionibas,
407 1989 432 2060 i.
456 2012 489 2054 e.
508 1988 742 2074 pactionibus,
770 1984 1080 2065 1111113110ιί1111511111.Ι

60 2099 116 2164 Cic.
133 2095 176 2161 ad
189 2097 265 2163 Div.
284 2097 345 2166 VI.
366 2117 396 2161 2.
418 2094 531 2162 armis
544 2097 822 2165 aat‘contiitione
831 2103 982 2185 positia,
1000 2118 1067 2171 atat

58 2205 300 2293 defatigatione
311 2201 473 2269 abiectis.
488 2198 578 2267 Vell.
589 2199 661 2266 P-at.
676 2203 719 2268 ΙΙ.
731 2207 762 2271 5.
786 2205 988 2275 discordiae
1007 2213 1064 2275 oi·-
1138 2253 1143 2259 .

59 2315 162 2392 oium,
194 2323 303 2376 antea
335 2304 595 2378 conditionibus
626 2310 752 2374 sanari
777 2314 913 2379 solitae.
949 2317 1009 2381 ubi
1031 2331 1066 2385 v.

59 2419 159 2487 Heins.
184 2419 282 2485 Gurt.
298 2415 359 2482 lv.
380 2436 429 2479 ιι.
452 2412 609 2497 opimam
628 2436 778 2499 regnam
794 2423 965 2504 occupari
972 2439 1066 2508 pos-v

59 2553 86 2592 se
100 2528 321 2604 conditione,
342 2545 411 2591 non
423 2520 519 2585 bello.
532 2543 562 2585 v.
580 2517 730 2586 Gronov.
753 2520 796 2586 ad
812 2525 886 2592 Liv.
902 2527 1067 2601 XXXIV.

58 2639 97 2702 13.

93 2741 291 2808 Occasioni.
334 2730 518 2803 Veterrimi
545 2727 688 2797 Codices
708 2730 837 2804 habent
854 2743 1064 2812 occasiones
1134 2791 1139 2799 ›

57 2848 134 2936 quod
152 2872 224 2913 non
242 2837 487 2936 spernendum.
511 2838 596 2905 Nam
605 2838 708 2926 fido,
731 2843 893 2930 confido,
915 2848 1063 2936 diffido,

55 2950 233 3045 aliquando,
247 2970 324 3012 cum
352 2960 447 3011 sexto
470 2966 548 3008 casu
574 2943 773 3026 iunguntur.
808 2949 928 3015 Caesar
960 2950 1003 3019 de
1024 2958 1063 3022 B.

56 3059 88 3129 C.
106 3061 133 3126 Ι.
162 3079 213 3124 12.
258 3051 411 3140 Diffisas
441 3052 631 3136 municipii
655 3054 850 3124 nohantate.
877 3057 1066 3149 Exemplo

53 3157 120 3230 nuit
137 3160 231 3254 apud
251 3162 365 3226 Burm.
388 3175 423 3224 et
444 3155 673 3243 Oudendorp.

91 3266 125 3346 lt,
174 3267 378 3352 Composita
409 3265 607 3342 seditione,
630 3263 662 3331 i.·
677 3287 706 3329 e.
729 3264 855 3336 sedata.
876 3333 879 3341 ,
898 3272 1063 3359 Bellum,

41 3368 319 3448 controuersiae,
342 3390 470 3447 carae,
482 3365 625 3452 fluctus
642 3386 742 3454 saepe
761 3373 921 3454 componi
933 3370 1063 3441 dicun-

52 3482 107 3540 tui.
138 3499 169 3540 v.
198 3472 280 3540 Tib.
305 3474 355 3538 25.
380 3468 502 3537 Cal.1.
531 3484 565 3560 et
584 3469 711 3537 Duker.
743 3472 786 3539 ad
815 3475 905 3542 Flor.
928 3479 990 3548 III.
1010 3486 1063 3551 25.

51 3585 165 3670 Ρ..641
197 3568 326 3646 seditio
355 3578 497 3668 proprie
524 3593 575 3643 est
609 3575 783 3646 dissensio
793 3583 947 3666 civium,
977 3602 1063 3655 ute

50 3692 205 3777 Cicerone
227 3684 329 3754 docet
347 3687 450 3753 Serv.
473 3682 516 3749 ad
540 3684 628 3751 Aen.
651 3688 678 3753 Ι.
706 3689 774 3778 149.

81 3772 398 3884 Repetandaram,
434 3789 508 3857 scil.
543 3792 766 3878 pecuniarum
799 3797 1061 3881 criminosi,

48 3902 101 3992 qui
125 3900 317 3992 provincias
347 3901 532 3986 regebant,
562 3897 830 3986 provincialibus
863 3918 981 3967 contra
1009 3905 1063 3968 ius

46 4024 78 4074 et
92 4008 140 4081 sas
160 4009 326 4099 pecunias,
350 4008 588 4090 extorsissent,
608 4027 667 4079 eae
681 4005 949 4096 repetundarum
966 4008 1063 4075 iudi·

558 4110 605 4192 A
607 4115 675 4190 5
1013 4111 1068 4182 cio

827 4318 1110 4658 n
