2632 4974
429 293 833 403 “rtessutus.
1104 337 1165 426 249
1296 398 1299 404 .

173 511 246 595 68(
283 513 390 585 tutta
406 523 554 590 statura
575 446 713 590 circitei
733 532 854 610 senum
874 512 1005 608 pedum
1021 521 1111 592 'eret
1133 530 1169 593 uf.

128 615 277 689 casaub.
300 613 345 684 ad
366 615 404 684 h.
425 616 451 685 1.

171 727 235 794 At
249 724 428 810 tumetis,
450 726 474 793 i.
489 748 521 794 e.
539 749 558 792 a
573 744 673 816 parte
692 727 925 796 humerorum.
948 725 1035 795 sut.
1055 728 1178 800 Theb:

126 834 191 906 lv.
212 834 288 904 564.
322 833 510 922 oppositis
523 833 677 899 Semelen
697 859 720 899 a
735 849 861 902 ventre
878 835 1037 900 lacertis.
1054 834 1173 928 Fron&
1228 820 1237 832 ’

130 932 197 1012 tin.
225 944 254 1010 I.
278 943 309 1013 5.
332 937 386 1012 2¹0.
416 941 576 1007 uniuersi
605 963 629 1005 c
659 942 773 1008 limite
797 942 1026 1009 obstiterunt.
1071 941 1176 1010 Hunc
1238 1025 1241 1036 Ι

126 1047 395 1139 praepositionis
426 1071 525 1114 usum
556 1042 730 1113 illustrant
758 1046 911 1116 Gronov.
934 1063 971 1113 et
998 1046 1172 1119 Drakenb.

130 1151 176 1220 ed
205 1155 280 1222 Liv.
302 1151 432 1220 XXXI.
457 1152 509 1218 24.

177 1262 340 1342 Talitrc,
362 1258 385 1324 i.
406 1280 435 1324 e.
456 1256 696 1346 percussione3
721 1281 808 1348 quoe
829 1258 870 1325 fit
885 1255 1008 1344 digito.
1031 1259 1176 1327 Ρόῐ1011.

129 1371 187 1460 96.
210 1381 323 1458 caput
337 1352 466 1435 stricto
489 1379 678 1455 acutoque
676 1369 843 1434 articulo
857 1368 1040 1455 percussi.
1062 1368 1175 1436 ubir.

128 1471 218 1550 Intt.

175 1582 291 1651 Facie
310 1581 524 1664 11011εεί191
541 1605 571 1648 e.
593 1577 735 1671 pulcre,
757 1575 905 1649 liberali.
930 1584 1075 1652 Terent.
1092 1581 1173 1650 An·

130 1686 189 1755 dr.
206 1692 235 1756 Ι.
260 1714 290 1757 1
315 1693 368 1779 95.
390 1688 608 1778 e'rctfhrma
620 1705 776 1777 praeter
796 1705 937 1758 ceteras
961 1694 1111 1758 honesta
1133 1704 1175 1759 et

128 1797 287 1866 liberali.
342 1797 399 1863 Sic
434 1796 546 1861 honor
574 1815 641 1883 pro
665 1795 921 1885 pulcritudine
933 1794 1028 1884 apud
1050 1794 1175 1882 virgil.

129 1893 222 1974 Aen.
243 1906 271 1972 Ι.
294 1906 368 1993 691.
391 1906 556 1970 etlctetoe
573 1903 685 1968 oculis
701 1903 852 1991 efflaret
869 1905 1030 1971 honores.
1066 1905 1175 1971 Con·

130 2025 188 2075 tra
211 2009 419 2076 inhonestus
442 2024 495 2075 est
516 2005 693 2074 deformis.
719 2009 862 2076 Terent.
882 2011 972 2078 Eun.
996 2011 1041 2080 II.
1065 2014 1098 2080 5.
1122 2015 1176 2081 64.

130 2119 304 2202 illumne,
327 2118 488 2198 obsecro,
511 2116 738 2182 inhonestum
757 2115 962 2183 hominem.
1039 2164 1071 2181 .-
1225 2191 1228 2196 ¹

174 2227 362 2315 Uenilia,
394 2226 418 2291 i.
447 2247 478 2291 e.
502 2222 591 2288 flexa
616 2244 732 2290 versus
755 2218 937 2286 humerum
961 2243 1039 2288 cum
1062 2221 1177 2306 rigore
1285 2297 1287 2301 y

132 2331 296 2425 quodam.
320 2331 437 2398 Horat.
457 2333 499 2397 11.
525 2329 635 2396 Serm.
656 2332 688 2399 5.
706 2349 759 2417 92.
807 2328 890 2394 Stet
910 2332 1032 2418 capite
1058 2315 1176 2398 obsti·¹
1204 2408 1211 2423 .

122 2467 192 2532 pc.
217 2454 248 2507 v.
271 2437 407 2506 Ernest.
431 2435 475 2502 ad
498 2435 535 2503 h.
557 2434 584 2502 l.
648 2474 650 2479 2
721 2475 724 2482 ·
1152 2498 1155 2503 .

177 2547 352 2612 Adducto
379 2548 502 2626 vultu,
530 2542 554 2606 i.
578 2563 608 2606 e.
637 2541 675 2606 in
699 2562 799 2626 rugas
827 2556 1023 2628 contracto,
1046 2566 1174 2613 severo.
1234 2609 1235 2612 ,

134 2651 268 2723 Seneca
288 2650 354 2740 Ep.
378 2651 432 2719 58.
454 2649 595 2716 vultum
621 2645 780 2732 adducet
801 2649 852 2714 ad
875 2635 1080 2718 tristitiam.
1104 2652 1198 2738 Cas

133 2757 280 2852 pitolin.'
298 2759 336 2824 in
359 2759 453 2828 Vero
478 2781 531 2825 ιο.
552 2753 643 2843 fuit·
657 2751 786 2840 fronte
802 2756 850 2821 in
876 2759 1175 2844 superciliaed·
1214 2810 1241 2856 A

134 2868 299 2936 ductiore
323 2864 550 2931 venerabilis.
573 2886 605 2929 v.
627 2861 667 2925 Li
673 2885 722 2948 ps.
743 2859 788 2925 ad
809 2862 919 2931 Tacit.
949 2866 1037 2933 Hist.
1058 2866 1120 2933 III.
1144 2890 1177 2953 7.
1211 2898 1214 2902 ·

137 2994 172 3044 et
192 2999 277 3066 quac
298 2968 487 3040 notevimus
508 2967 551 3035 ed
569 2965 676 3035 Rutil.
700 2968 789 3065 Lup.
804 2968 837 3033 Ἰ.
863 2993 898 3057 p.
915 2996 968 3059 70·

180 3084 286 3150 Molle
308 3078 453 3166 dicitur,
477 3076 573 3170 quod
589 3077 654 3143 fae
658 3075 690 3143 le
709 3091 875 3142 movetur.
900 3076 1003 3148 Ovid.
1024 3079 1069 3197 6.
1087 3079 1131 3147 Α.
1149 3079 1179 3148 Ι.
1166 3120 1206 3171 ⁰1
1236 3170 1239 3174 .

157 3220 247 3375 969,
290 3292 571 3365 Pereuaeionem
600 3287 686 3356 dicit
699 3313 838 3379 ,quam
860 3289 1028 3380 Theologi
1046 3293 1179 3384 fidem.

135 3422 168 3469 v.
192 3399 322 3466 Eresm.
345 3394 389 3461 ad
413 3379 498 3461 Luc.
519 3381 648 3480 Euaug.
671 3392 698 3457 Ι.
726 3412 756 3457 1.

179 3506 284 3592 Α9ἰ,
308 3505 331 3570 i.
355 3527 385 3569 e.
408 3499 489 3586 regi.
844 3497 847 3504 ’
1007 3541 1011 3547 -

180 3610 372 3700 Afflnri,
362 3635 387 3677 1.
409 3633 438 3675 e.
460 3604 659 3700 perstringi.
705 3608 780 3674 Hoc
801 3605 962 3678 verbum
971 3610 1113 3704 proprie
1136 3552 1218 3684 ue,

134 3719 342 3791 fulminibus
365 3714 513 3800 dicitur,
537 3710 632 3802 quod
650 3711 813 3780 fulmina
812 3739 884 3782 non
904 3717 1093 3794 iaciuntur
1120 3723 1180 3786 ni·
1218 3736 1221 3743 '

134 3830 266 3897 sicum
286 3824 370 3890 flatu
386 3840 577 3892 ventorum.
601 3821 723 3908 Virgil.
743 3825 831 3890 Aen.
847 3826 891 3890 II.
914 3823 988 3910 649.
1033 3825 1180 3893 Fulmi-

134 3939 198 4009 nis
221 3933 360 4024 afflavit
382 3933 527 4014 ventis,
557 3945 595 3998 et
624 3931 779 4016 contigit
806 3934 896 4019 igni.
929 3929 996 4009 uhi
1021 3953 1051 4002 1.
1084 3931 1180 4018 Serv.

667 4033 701 4122 Q
725 4040 747 4105 5
838 4103 841 4108 ,
1094 4036 1185 4108 plin·
