<?xml version="1.0" encoding="UTF-8"?>
<!DOCTYPE html PUBLIC "-//W3C//DTD XHTML 1.0 Transitional//EN"
    "http://www.w3.org/TR/xhtml1/DTD/xhtml1-transitional.dtd">
<html xmlns="http://www.w3.org/1999/xhtml" xml:lang="en" lang="en">
 <head>
  <title>
</title>
<meta http-equiv="Content-Type" content="text/html;charset=utf-8" />
  <meta name='ocr-system' content='tesseract 3.04.00' />
  <meta name='ocr-capabilities' content='ocr_page ocr_carea ocr_par ocr_line ocrx_word'/>
</head>
<body>
  <div class='ocr_page' id='page_1' title='image "./davruhnkeniisch00ruhngoog_0299.png"; bbox 0 0 2580 4942; ppageno 0'>
   <div class='ocr_carea' id='block_1_1' title="bbox 240 316 1067 399">
    <p class='ocr_par' dir='ltr' id='par_1_1' title="bbox 240 316 1067 399">
     <span class='ocr_line' id='line_1_1' title="bbox 240 316 1067 399; baseline -0.012 0"><span class='ocrx_word' id='word_1_1' title='bbox 240 323 305 399; x_wconf 75' lang='lat'><strong>284</strong></span> <span class='ocrx_word' id='word_1_2' title='bbox 494 359 498 368; x_wconf 93' lang='lat'><em>·</em></span> <span class='ocrx_word' id='word_1_3' title='bbox 555 316 976 395; x_wconf 72' lang='lat' dir='ltr'>CALIGULA:</span> <span class='ocrx_word' id='word_1_4' title='bbox 1063 380 1067 389; x_wconf 90' lang='lat'><strong>.</strong></span> 
     </span>
    </p>
   </div>
   <div class='ocr_carea' id='block_1_2' title="bbox 242 503 1254 692">
    <p class='ocr_par' dir='ltr' id='par_1_2' title="bbox 242 503 1254 692">
     <span class='ocr_line' id='line_1_2' title="bbox 242 503 1254 597; baseline 0.007 -24"><span class='ocrx_word' id='word_1_5' title='bbox 242 521 396 579; x_wconf 82' lang='lat' dir='ltr'><strong>estatem.</strong></span> <span class='ocrx_word' id='word_1_6' title='bbox 428 503 534 575; x_wconf 86' lang='lat' dir='ltr'><strong>Ovid.</strong></span> <span class='ocrx_word' id='word_1_7' title='bbox 564 505 633 597; x_wconf 86' lang='lat' dir='ltr'><strong>Ep.</strong></span> <span class='ocrx_word' id='word_1_8' title='bbox 657 506 720 576; x_wconf 91' lang='lat' dir='ltr'><strong>IV.</strong></span> <span class='ocrx_word' id='word_1_9' title='bbox 750 531 802 579; x_wconf 84' lang='lat'><strong>12.</strong></span> <span class='ocrx_word' id='word_1_10' title='bbox 836 509 876 576; x_wconf 85' lang='lat' dir='ltr'><strong>in</strong></span> <span class='ocrx_word' id='word_1_11' title='bbox 902 509 1064 579; x_wconf 78' lang='lat' dir='ltr'><strong>dominos</strong></span> <span class='ocrx_word' id='word_1_12' title='bbox 1089 513 1150 581; x_wconf 77' lang='lat' dir='ltr'><strong>ius</strong></span> <span class='ocrx_word' id='word_1_13' title='bbox 1177 511 1254 587; x_wconf 77' lang='lat' dir='ltr'><strong>mist</strong></span> 
     </span>
     <span class='ocr_line' id='line_1_3' title="bbox 244 611 1125 692; baseline 0.008 -10"><span class='ocrx_word' id='word_1_14' title='bbox 244 617 303 682; x_wconf 86' lang='lat' dir='ltr'><strong>ille</strong></span> <span class='ocrx_word' id='word_1_15' title='bbox 327 615 437 681; x_wconf 81' lang='lat' dir='ltr'><strong>Deos.</strong></span> <span class='ocrx_word' id='word_1_16' title='bbox 463 640 495 683; x_wconf 86' lang='lat' dir='ltr'><strong>v.</strong></span> <span class='ocrx_word' id='word_1_17' title='bbox 515 615 634 682; x_wconf 88' lang='lat' dir='ltr'><strong>Heius.</strong></span> <span class='ocrx_word' id='word_1_18' title='bbox 657 611 701 680; x_wconf 89' lang='lat' dir='ltr'><strong>ad</strong></span> <span class='ocrx_word' id='word_1_19' title='bbox 718 614 823 684; x_wconf 83' lang='lat' dir='ltr'><strong>Ovid.</strong></span> <span class='ocrx_word' id='word_1_20' title='bbox 846 617 965 685; x_wconf 84' lang='lat' dir='ltr'><strong>Amor.</strong></span> <span class='ocrx_word' id='word_1_21' title='bbox 987 619 1017 687; x_wconf 94' lang='grc' dir='ltr'><strong>Ι.</strong></span> <span class='ocrx_word' id='word_1_22' title='bbox 1043 645 1075 688; x_wconf 90' lang='lat'><strong>1.</strong></span> <span class='ocrx_word' id='word_1_23' title='bbox 1091 624 1125 692; x_wconf 82' lang='lat'><strong>5.</strong></span> 
     </span>
    </p>
   </div>
   <div class='ocr_carea' id='block_1_3' title="bbox 205 719 1282 2641">
    <p class='ocr_par' dir='ltr' id='par_1_3' title="bbox 205 719 1282 2652">
     <span class='ocr_line' id='line_1_4' title="bbox 294 719 1252 823; baseline -0.001 -28"><span class='ocrx_word' id='word_1_24' title='bbox 294 719 355 797; x_wconf 77' lang='grc'><strong>48.</strong></span> <span class='ocrx_word' id='word_1_25' title='bbox 404 723 580 790; x_wconf 82' lang='lat' dir='ltr'><strong>Obsidere</strong></span> <span class='ocrx_word' id='word_1_26' title='bbox 602 724 784 811; x_wconf 79' lang='lat' dir='ltr'><em>aliquem,</em></span> <span class='ocrx_word' id='word_1_27' title='bbox 807 739 858 789; x_wconf 91' lang='lat' dir='ltr'><strong>est</strong></span> <span class='ocrx_word' id='word_1_28' title='bbox 884 724 933 789; x_wconf 88' lang='lat' dir='ltr'><strong>sic</strong></span> <span class='ocrx_word' id='word_1_29' title='bbox 964 725 1117 792; x_wconf 88' lang='lat' dir='ltr'><strong>clausum</strong></span> <span class='ocrx_word' id='word_1_30' title='bbox 1146 741 1252 823; x_wconf 67' lang='lat' dir='ltr'><strong>tencre,</strong></span> 
     </span>
     <span class='ocr_line' id='line_1_5' title="bbox 238 816 1282 919; baseline 0.011 -33"><span class='ocrx_word' id='word_1_31' title='bbox 238 837 284 899; x_wconf 51' lang='lat' dir='ltr'><strong>,ut</strong></span> <span class='ocrx_word' id='word_1_32' title='bbox 299 825 393 889; x_wconf 87' lang='lat' dir='ltr'><strong>exire</strong></span> <span class='ocrx_word' id='word_1_33' title='bbox 408 849 477 892; x_wconf 92' lang='lat' dir='ltr'><strong>non</strong></span> <span class='ocrx_word' id='word_1_34' title='bbox 499 825 617 919; x_wconf 85' lang='lat' dir='ltr'><strong>possit.</strong></span> <span class='ocrx_word' id='word_1_35' title='bbox 641 825 716 895; x_wconf 86' lang='lat' dir='ltr'><strong>Cic.</strong></span> <span class='ocrx_word' id='word_1_36' title='bbox 739 824 829 894; x_wconf 86' lang='lat' dir='ltr'><strong>Phil.</strong></span> <span class='ocrx_word' id='word_1_37' title='bbox 848 827 928 898; x_wconf 91' lang='lat' dir='ltr'><strong>VII.</strong></span> <span class='ocrx_word' id='word_1_38' title='bbox 949 828 983 897; x_wconf 78' lang='grc'><strong>5.</strong></span> <span class='ocrx_word' id='word_1_39' title='bbox 1006 830 1125 896; x_wconf 81' lang='lat' dir='ltr'><strong>armis</strong></span> <span class='ocrx_word' id='word_1_40' title='bbox 1140 830 1250 899; x_wconf 81' lang='lat' dir='ltr'><strong>antol-</strong></span> <span class='ocrx_word' id='word_1_41' title='bbox 1273 816 1282 881; x_wconf 72' lang='lat' dir='ltr'><strong>i</strong></span> 
     </span>
     <span class='ocr_line' id='line_1_6' title="bbox 205 925 1282 1012; baseline 0.008 -17"><span class='ocrx_word' id='word_1_42' title='bbox 205 989 212 1001; x_wconf 86' lang='lat'><strong>.</strong></span> <span class='ocrx_word' id='word_1_43' title='bbox 243 931 361 1012; x_wconf 84' lang='lat' dir='ltr'><strong>sedit,</strong></span> <span class='ocrx_word' id='word_1_44' title='bbox 383 948 451 1001; x_wconf 83' lang='lat' dir='ltr'><strong>ont</strong></span> <span class='ocrx_word' id='word_1_45' title='bbox 470 935 623 1000; x_wconf 83' lang='lat' dir='ltr'><strong>exclusit</strong></span> <span class='ocrx_word' id='word_1_46' title='bbox 649 935 830 1007; x_wconf 80' lang='lat' dir='ltr'><strong>Senatum.</strong></span> <span class='ocrx_word' id='word_1_47' title='bbox 875 931 979 1002; x_wconf 86' lang='lat' dir='ltr'><strong>Unde</strong></span> <span class='ocrx_word' id='word_1_48' title='bbox 1002 933 1142 1011; x_wconf 81' lang='lat' dir='ltr'><strong>obsidio</strong></span> <span class='ocrx_word' id='word_1_49' title='bbox 1162 934 1217 1003; x_wconf 87' lang='lat' dir='ltr'><strong>diti</strong></span> <span class='ocrx_word' id='word_1_50' title='bbox 1279 925 1282 939; x_wconf 52' lang='lat'><em>¹</em></span> 
     </span>
     <span class='ocr_line' id='line_1_7' title="bbox 241 1038 1214 1127; baseline 0.01 -26"><span class='ocrx_word' id='word_1_51' title='bbox 241 1058 311 1124; x_wconf 91' lang='lat' dir='ltr'><strong>pro</strong></span> <span class='ocrx_word' id='word_1_52' title='bbox 332 1038 540 1125; x_wconf 84' lang='lat' dir='ltr'><strong>captivitate.</strong></span> <span class='ocrx_word' id='word_1_53' title='bbox 568 1041 689 1110; x_wconf 87' lang='lat' dir='ltr'><strong>lustin.</strong></span> <span class='ocrx_word' id='word_1_54' title='bbox 713 1043 758 1110; x_wconf 92' lang='lat' dir='ltr'><strong>II.</strong></span> <span class='ocrx_word' id='word_1_55' title='bbox 785 1066 836 1112; x_wconf 85' lang='lat'><strong>12.</strong></span> <span class='ocrx_word' id='word_1_56' title='bbox 888 1044 985 1127; x_wconf 83' lang='lat' dir='ltr'><strong>Quin</strong></span> <span class='ocrx_word' id='word_1_57' title='bbox 1012 1044 1141 1109; x_wconf 76' lang='lat' dir='ltr'><strong>cosin</strong></span> <span class='ocrx_word' id='word_1_58' title='bbox 1164 1066 1214 1111; x_wconf 84' lang='lat' dir='ltr'><strong>not</strong></span> 
     </span>
     <span class='ocr_line' id='line_1_8' title="bbox 243 1139 1282 1233; baseline 0.008 -23"><span class='ocrx_word' id='word_1_59' title='bbox 243 1160 369 1212; x_wconf 81' lang='lat' dir='ltr'><strong>castro</strong></span> <span class='ocrx_word' id='word_1_60' title='bbox 386 1172 430 1213; x_wconf 82' lang='lat' dir='ltr'><strong>ex</strong></span> <span class='ocrx_word' id='word_1_61' title='bbox 448 1151 522 1215; x_wconf 85' lang='lat' dir='ltr'><strong>isto</strong></span> <span class='ocrx_word' id='word_1_62' title='bbox 544 1151 726 1222; x_wconf 80' lang='lat' dir='ltr'><strong>obsidione</strong></span> <span class='ocrx_word' id='word_1_63' title='bbox 746 1151 950 1225; x_wconf 73' lang='lat' dir='ltr'><strong>transitis?</strong></span> <span class='ocrx_word' id='word_1_64' title='bbox 972 1151 1035 1233; x_wconf 80' lang='lat' dir='ltr'><strong>ubi</strong></span> <span class='ocrx_word' id='word_1_65' title='bbox 1055 1175 1088 1220; x_wconf 87' lang='lat' dir='ltr'><strong>v.</strong></span> <span class='ocrx_word' id='word_1_66' title='bbox 1109 1151 1211 1221; x_wconf 88' lang='lat' dir='ltr'><strong>Vorst</strong></span> <span class='ocrx_word' id='word_1_67' title='bbox 1270 1139 1282 1204; x_wconf 71' lang='lat' dir='ltr'><strong>l</strong></span> 
     </span>
     <span class='ocr_line' id='line_1_9' title="bbox 284 1255 1223 1348; baseline 0.005 -28"><span class='ocrx_word' id='word_1_68' title='bbox 284 1255 496 1342; x_wconf 77' lang='lat' dir='ltr'><strong>Praecipiti</strong></span> <span class='ocrx_word' id='word_1_69' title='bbox 513 1262 756 1348; x_wconf 79' lang='lat' dir='ltr'><strong>cogitatione,</strong></span> <span class='ocrx_word' id='word_1_70' title='bbox 779 1257 802 1322; x_wconf 89' lang='lat' dir='ltr'><strong>i.</strong></span> <span class='ocrx_word' id='word_1_71' title='bbox 827 1279 857 1322; x_wconf 89' lang='lat' dir='ltr'><strong>e.</strong></span> <span class='ocrx_word' id='word_1_72' title='bbox 882 1260 1063 1337; x_wconf 85' lang='lat' dir='ltr'><strong>temerario</strong></span> <span class='ocrx_word' id='word_1_73' title='bbox 1090 1256 1223 1345; x_wconf 78' lang='lat' dir='ltr'><strong>consilio.</strong></span> 
     </span>
     <span class='ocr_line' id='line_1_10' title="bbox 286 1360 1244 1460; baseline 0.001 -30"><span class='ocrx_word' id='word_1_74' title='bbox 286 1363 448 1430; x_wconf 82' lang='lat' dir='ltr'><strong>Vocatos</strong></span> <span class='ocrx_word' id='word_1_75' title='bbox 482 1365 647 1433; x_wconf 83' lang='lat' dir='ltr'><strong>inermes.</strong></span> <span class='ocrx_word' id='word_1_76' title='bbox 700 1362 828 1439; x_wconf 82' lang='lat' dir='ltr'><strong>Minus.</strong></span> <span class='ocrx_word' id='word_1_77' title='bbox 850 1377 946 1431; x_wconf 85' lang='lat' dir='ltr'><strong>recte</strong></span> <span class='ocrx_word' id='word_1_78' title='bbox 977 1363 1071 1460; x_wconf 81' lang='lat' dir='ltr'><strong>cepit</strong></span> <span class='ocrx_word' id='word_1_79' title='bbox 1107 1365 1147 1439; x_wconf 85' lang='lat' dir='ltr'><strong>P.</strong></span> <span class='ocrx_word' id='word_1_80' title='bbox 1176 1360 1244 1453; x_wconf 70' lang='lat' dir='ltr'><strong>tm</strong></span> 
     </span>
     <span class='ocr_line' id='line_1_11' title="bbox 232 1467 1282 1553; baseline 0.004 -14"><span class='ocrx_word' id='word_1_81' title='bbox 232 1467 408 1553; x_wconf 47' lang='lat' dir='ltr'><strong>,semesae</strong></span> <span class='ocrx_word' id='word_1_82' title='bbox 428 1470 458 1536; x_wconf 92' lang='lat'><strong>1.</strong></span> <span class='ocrx_word' id='word_1_83' title='bbox 482 1475 543 1542; x_wconf 79' lang='lat'><strong>18.</strong></span> <span class='ocrx_word' id='word_1_84' title='bbox 1281 1479 1282 1491; x_wconf 56' lang='lat'>¹</span> 
     </span>
     <span class='ocr_line' id='line_1_12' title="bbox 286 1575 1242 1676; baseline 0.001 -30"><span class='ocrx_word' id='word_1_85' title='bbox 286 1578 467 1666; x_wconf 81' lang='lat' dir='ltr'><strong>Profugit</strong></span> <span class='ocrx_word' id='word_1_86' title='bbox 498 1583 726 1664; x_wconf 81' lang='lat' dir='ltr'><strong>concionem,</strong></span> <span class='ocrx_word' id='word_1_87' title='bbox 770 1603 863 1673; x_wconf 88' lang='lat' dir='ltr'><strong>pro,</strong></span> <span class='ocrx_word' id='word_1_88' title='bbox 895 1606 914 1648; x_wconf 89' lang='lat' dir='ltr'><strong>e</strong></span> <span class='ocrx_word' id='word_1_89' title='bbox 951 1581 1129 1676; x_wconf 81' lang='lat' dir='ltr'><strong>concione.</strong></span> <span class='ocrx_word' id='word_1_90' title='bbox 1184 1575 1242 1665; x_wconf 66' lang='lat' dir='ltr'><strong>Qn·</strong></span> 
     </span>
     <span class='ocr_line' id='line_1_13' title="bbox 244 1683 1242 1783; baseline -0.006 -29"><span class='ocrx_word' id='word_1_91' title='bbox 244 1688 455 1755; x_wconf 85' lang='lat' dir='ltr'><strong>constructio</strong></span> <span class='ocrx_word' id='word_1_92' title='bbox 471 1712 572 1783; x_wconf 85' lang='lat' dir='ltr'><strong>saepe</strong></span> <span class='ocrx_word' id='word_1_93' title='bbox 588 1688 749 1757; x_wconf 86' lang='lat' dir='ltr'><strong>occurrit.</strong></span> <span class='ocrx_word' id='word_1_94' title='bbox 775 1683 963 1753; x_wconf 82' lang='lat' dir='ltr'><strong>Columella</strong></span> <span class='ocrx_word' id='word_1_95' title='bbox 981 1687 1010 1754; x_wconf 92' lang='lat' dir='ltr'><strong>I.</strong></span> <span class='ocrx_word' id='word_1_96' title='bbox 1028 1690 1061 1756; x_wconf 79' lang='lat'><strong>3.</strong></span> <span class='ocrx_word' id='word_1_97' title='bbox 1084 1685 1182 1753; x_wconf 80' lang='lat' dir='ltr'><strong>sedes</strong></span> <span class='ocrx_word' id='word_1_98' title='bbox 1193 1698 1242 1748; x_wconf 75' lang='lat' dir='ltr'><strong>titt</strong></span> 
     </span>
     <span class='ocr_line' id='line_1_14' title="bbox 235 1791 1242 1887; baseline 0 -24"><span class='ocrx_word' id='word_1_99' title='bbox 235 1796 471 1887; x_wconf 71' lang='lat' dir='ltr'><strong>proflagiunt.</strong></span> <span class='ocrx_word' id='word_1_100' title='bbox 504 1801 603 1866; x_wconf 85' lang='lat' dir='ltr'><strong>Curt.</strong></span> <span class='ocrx_word' id='word_1_101' title='bbox 623 1796 669 1863; x_wconf 93' lang='lat' dir='ltr'><strong>X.</strong></span> <span class='ocrx_word' id='word_1_102' title='bbox 695 1816 727 1861; x_wconf 94' lang='grc'><strong>2.</strong></span> <span class='ocrx_word' id='word_1_103' title='bbox 763 1796 859 1861; x_wconf 75' lang='lat' dir='ltr'><strong>aerei</strong></span> <span class='ocrx_word' id='word_1_104' title='bbox 887 1795 1048 1862; x_wconf 86' lang='lat' dir='ltr'><strong>dominos</strong></span> <span class='ocrx_word' id='word_1_105' title='bbox 1071 1791 1242 1882; x_wconf 63' lang='lat' dir='ltr'><strong>profligetis</strong></span> 
     </span>
     <span class='ocr_line' id='line_1_15' title="bbox 229 1888 1282 1989; baseline -0.008 -15"><span class='ocrx_word' id='word_1_106' title='bbox 229 1927 276 1987; x_wconf 58' lang='lat' dir='ltr'><strong>„u</strong></span> <span class='ocrx_word' id='word_1_107' title='bbox 301 1906 453 1976; x_wconf 84' lang='lat' dir='ltr'><strong>Gronov.</strong></span> <span class='ocrx_word' id='word_1_108' title='bbox 472 1903 515 1972; x_wconf 87' lang='lat' dir='ltr'><strong>ad</strong></span> <span class='ocrx_word' id='word_1_109' title='bbox 536 1888 657 1972; x_wconf 78' lang='lat' dir='ltr'><strong>senec.</strong></span> <span class='ocrx_word' id='word_1_110' title='bbox 681 1902 800 1989; x_wconf 82' lang='lat' dir='ltr'><strong>Agam.</strong></span> <span class='ocrx_word' id='word_1_111' title='bbox 825 1921 900 1971; x_wconf 81' lang='lat'>121:</span> <span class='ocrx_word' id='word_1_112' title='bbox 924 1919 960 1971; x_wconf 88' lang='lat' dir='ltr'><strong>et</strong></span> <span class='ocrx_word' id='word_1_113' title='bbox 978 1903 1064 1978; x_wconf 83' lang='lat' dir='ltr'><strong>Intt.</strong></span> <span class='ocrx_word' id='word_1_114' title='bbox 1091 1900 1136 1979; x_wconf 85' lang='lat' dir='ltr'><strong>ad</strong></span> <span class='ocrx_word' id='word_1_115' title='bbox 1153 1892 1215 1971; x_wconf 68' lang='lat' dir='ltr'><strong>lul.</strong></span> <span class='ocrx_word' id='word_1_116' title='bbox 1281 1911 1282 1916; x_wconf 77' lang='grc'>’</span> 
     </span>
     <span class='ocr_line' id='line_1_16' title="bbox 285 2009 1155 2104; baseline -0.006 -22"><span class='ocrx_word' id='word_1_117' title='bbox 285 2015 465 2102; x_wconf 83' lang='lat' dir='ltr'><strong>Deflexu,</strong></span> <span class='ocrx_word' id='word_1_118' title='bbox 488 2015 512 2079; x_wconf 89' lang='lat' dir='ltr'><strong>i.</strong></span> <span class='ocrx_word' id='word_1_119' title='bbox 528 2038 558 2079; x_wconf 90' lang='lat' dir='ltr'><strong>e.</strong></span> <span class='ocrx_word' id='word_1_120' title='bbox 580 2009 763 2104; x_wconf 78' lang='lat' dir='ltr'><strong>translata,</strong></span> <span class='ocrx_word' id='word_1_121' title='bbox 792 2032 966 2082; x_wconf 81' lang='lat' dir='ltr'><strong>conversa.</strong></span> <span class='ocrx_word' id='word_1_122' title='bbox 1149 2070 1155 2077; x_wconf 91' lang='lat'><strong>.</strong></span> 
     </span>
     <span class='ocr_line' id='line_1_17' title="bbox 226 2110 1241 2199; baseline 0 -8"><span class='ocrx_word' id='word_1_123' title='bbox 226 2188 232 2194; x_wconf 82' lang='lat'><strong>.</strong></span> <span class='ocrx_word' id='word_1_124' title='bbox 286 2122 357 2191; x_wconf 71' lang='lat' dir='ltr'><strong>Aa</strong></span> <span class='ocrx_word' id='word_1_125' title='bbox 377 2118 612 2199; x_wconf 75' lang='lat' dir='ltr'><strong>avertendos,</strong></span> <span class='ocrx_word' id='word_1_126' title='bbox 635 2113 709 2182; x_wconf 88' lang='lat' dir='ltr'><strong>scil.</strong></span> <span class='ocrx_word' id='word_1_127' title='bbox 735 2124 755 2181; x_wconf 85' lang='lat' dir='ltr'><strong>a</strong></span> <span class='ocrx_word' id='word_1_128' title='bbox 780 2139 827 2184; x_wconf 88' lang='lat' dir='ltr'><strong>se.</strong></span> <span class='ocrx_word' id='word_1_129' title='bbox 851 2119 928 2188; x_wconf 86' lang='lat' dir='ltr'><strong>Liv.</strong></span> <span class='ocrx_word' id='word_1_130' title='bbox 950 2120 1013 2187; x_wconf 86' lang='lat'><strong>111.</strong></span> <span class='ocrx_word' id='word_1_131' title='bbox 1034 2143 1064 2186; x_wconf 92' lang='lat'><strong>1.</strong></span> <span class='ocrx_word' id='word_1_132' title='bbox 1107 2110 1241 2191; x_wconf 64' lang='lat' dir='ltr'><strong>Iinillfll¹</strong></span> 
     </span>
     <span class='ocr_line' id='line_1_18' title="bbox 243 2224 1240 2301; baseline -0.006 -3"><span class='ocrx_word' id='word_1_133' title='bbox 243 2233 301 2298; x_wconf 90' lang='lat' dir='ltr'><strong>rei</strong></span> <span class='ocrx_word' id='word_1_134' title='bbox 319 2254 342 2294; x_wconf 85' lang='lat' dir='ltr'><strong>o</strong></span> <span class='ocrx_word' id='word_1_135' title='bbox 367 2229 523 2295; x_wconf 77' lang='lat' dir='ltr'><strong>tribunis</strong></span> <span class='ocrx_word' id='word_1_136' title='bbox 546 2227 585 2292; x_wconf 90' lang='lat' dir='ltr'><strong>in</strong></span> <span class='ocrx_word' id='word_1_137' title='bbox 605 2225 783 2290; x_wconf 86' lang='lat' dir='ltr'><strong>consulem</strong></span> <span class='ocrx_word' id='word_1_138' title='bbox 804 2240 1024 2295; x_wconf 74' lang='lat' dir='ltr'><strong>averterunt.</strong></span> <span class='ocrx_word' id='word_1_139' title='bbox 1046 2226 1110 2296; x_wconf 88' lang='lat' dir='ltr'><strong>ubi</strong></span> <span class='ocrx_word' id='word_1_140' title='bbox 1136 2249 1166 2301; x_wconf 83' lang='lat' dir='ltr'><strong>v.</strong></span> <span class='ocrx_word' id='word_1_141' title='bbox 1187 2224 1240 2292; x_wconf 66' lang='lat' dir='ltr'><strong>ltu«</strong></span> 
     </span>
     <span class='ocr_line' id='line_1_19' title="bbox 240 2331 1282 2424; baseline -0.006 -20"><span class='ocrx_word' id='word_1_142' title='bbox 240 2336 348 2407; x_wconf 80' lang='lat' dir='ltr'><strong>kenb.</strong></span> <span class='ocrx_word' id='word_1_143' title='bbox 381 2336 493 2403; x_wconf 86' lang='lat' dir='ltr'><strong>Tacit.</strong></span> <span class='ocrx_word' id='word_1_144' title='bbox 515 2336 610 2403; x_wconf 87' lang='lat' dir='ltr'><strong>Anu.</strong></span> <span class='ocrx_word' id='word_1_145' title='bbox 630 2332 691 2402; x_wconf 85' lang='lat' dir='ltr'><strong>IV.</strong></span> <span class='ocrx_word' id='word_1_146' title='bbox 711 2333 764 2403; x_wconf 76' lang='lat'><strong>55.</strong></span> <span class='ocrx_word' id='word_1_147' title='bbox 801 2333 959 2418; x_wconf 75' lang='lat' dir='ltr'><strong>(laesor,</strong></span> <span class='ocrx_word' id='word_1_148' title='bbox 984 2356 1054 2422; x_wconf 81' lang='lat' dir='ltr'><strong>quo.</strong></span> <span class='ocrx_word' id='word_1_149' title='bbox 1070 2331 1241 2424; x_wconf 65' lang='lat' dir='ltr'><strong>samono·</strong></span> <span class='ocrx_word' id='word_1_150' title='bbox 1270 2332 1282 2376; x_wconf 64' lang='lat' dir='ltr'><strong>i</strong></span> 
     </span>
     <span class='ocr_line' id='line_1_20' title="bbox 241 2439 1231 2536; baseline -0.007 -21"><span class='ocrx_word' id='word_1_151' title='bbox 241 2457 419 2529; x_wconf 76' lang='lat' dir='ltr'><strong>certaret,</strong></span> <span class='ocrx_word' id='word_1_152' title='bbox 440 2445 568 2510; x_wconf 79' lang='lat' dir='ltr'><strong>adesse</strong></span> <span class='ocrx_word' id='word_1_153' title='bbox 582 2439 764 2528; x_wconf 78' lang='lat' dir='ltr'><strong>frequens</strong></span> <span class='ocrx_word' id='word_1_154' title='bbox 790 2443 956 2510; x_wconf 79' lang='lat' dir='ltr'><strong>Senatui.</strong></span> <span class='ocrx_word' id='word_1_155' title='bbox 971 2439 1041 2536; x_wconf 73' lang='lat' dir='ltr'><strong>phi</strong></span> <span class='ocrx_word' id='word_1_156' title='bbox 1060 2464 1094 2512; x_wconf 83' lang='lat' dir='ltr'><strong>v.</strong></span> <span class='ocrx_word' id='word_1_157' title='bbox 1117 2440 1194 2508; x_wconf 74' lang='lat' dir='ltr'><strong>Intt.</strong></span> <span class='ocrx_word' id='word_1_158' title='bbox 1227 2492 1231 2499; x_wconf 85' lang='lat'><strong>.</strong></span> 
     </span>
     <span class='ocr_line' id='line_1_21' title="bbox 292 2532 1282 2641; baseline -0.018 -12"><span class='ocrx_word' id='word_1_159' title='bbox 292 2552 356 2629; x_wconf 77' lang='grc'><strong>49.</strong></span> <span class='ocrx_word' id='word_1_160' title='bbox 389 2553 431 2624; x_wconf 93' lang='lat' dir='ltr'><em>V</em></span> <span class='ocrx_word' id='word_1_161' title='bbox 425 2551 617 2633; x_wconf 81' lang='lat' dir='ltr'><strong>erberans,</strong></span> <span class='ocrx_word' id='word_1_162' title='bbox 634 2536 738 2616; x_wconf 79' lang='lat' dir='ltr'><strong>rnanu</strong></span> <span class='ocrx_word' id='word_1_163' title='bbox 757 2546 909 2641; x_wconf 79' lang='lat' dir='ltr'><strong>pulsans.</strong></span> <span class='ocrx_word' id='word_1_164' title='bbox 933 2547 1053 2613; x_wconf 82' lang='lat' dir='ltr'><strong>Horat.</strong></span> <span class='ocrx_word' id='word_1_165' title='bbox 1068 2532 1242 2636; x_wconf 74' lang='lat' dir='ltr'><strong>Epod.xtt</strong></span> <span class='ocrx_word' id='word_1_166' title='bbox 1269 2546 1282 2594; x_wconf 84' lang='lat' dir='ltr'><strong>t</strong></span> 
     </span>
    </p>
   </div>
   <div class='ocr_carea' id='block_1_4' title="bbox 243 2658 1282 2863">
    <p class='ocr_par' dir='ltr' id='par_1_4' title="bbox 243 2658 1282 2863">
     <span class='ocr_line' id='line_1_22' title="bbox 243 2658 1282 2756; baseline -0.02 -12"><span class='ocrx_word' id='word_1_167' title='bbox 243 2697 296 2744; x_wconf 82' lang='lat'><strong>12.</strong></span> <span class='ocrx_word' id='word_1_168' title='bbox 319 2671 443 2739; x_wconf 83' lang='lat' dir='ltr'><strong>urbem</strong></span> <span class='ocrx_word' id='word_1_169' title='bbox 465 2668 591 2756; x_wconf 82' lang='lat' dir='ltr'><strong>Eques</strong></span> <span class='ocrx_word' id='word_1_170' title='bbox 608 2679 759 2733; x_wconf 78' lang='lat' dir='ltr'><strong>sonante</strong></span> <span class='ocrx_word' id='word_1_171' title='bbox 780 2665 991 2733; x_wconf 73' lang='lat' dir='ltr'><strong>verberavit.</strong></span> <span class='ocrx_word' id='word_1_172' title='bbox 1007 2665 1158 2755; x_wconf 76' lang='lat' dir='ltr'><strong>ungula.</strong></span> <span class='ocrx_word' id='word_1_173' title='bbox 1271 2658 1282 2701; x_wconf 53' lang='grc' dir='ltr'><strong>α</strong></span> 
     </span>
     <span class='ocr_line' id='line_1_23' title="bbox 288 2739 1282 2863; baseline -0.011 -18"><span class='ocrx_word' id='word_1_174' title='bbox 288 2779 406 2861; x_wconf 80' lang='lat' dir='ltr'><strong>Civis,</strong></span> <span class='ocrx_word' id='word_1_175' title='bbox 423 2797 551 2841; x_wconf 89' lang='lat' dir='ltr'><strong>nomen</strong></span> <span class='ocrx_word' id='word_1_176' title='bbox 571 2796 675 2863; x_wconf 87' lang='lat' dir='ltr'><strong>quam</strong></span> <span class='ocrx_word' id='word_1_177' title='bbox 692 2773 925 2841; x_wconf 87' lang='lat' dir='ltr'><strong>honorificum</strong></span> <span class='ocrx_word' id='word_1_178' title='bbox 941 2772 1006 2859; x_wconf 87' lang='lat' dir='ltr'><strong>sit,</strong></span> <span class='ocrx_word' id='word_1_179' title='bbox 1029 2767 1135 2839; x_wconf 86' lang='lat' dir='ltr'><strong>docet</strong></span> <span class='ocrx_word' id='word_1_180' title='bbox 1148 2758 1243 2839; x_wconf 77' lang='lat' dir='ltr'><strong>Bud-</strong></span> <span class='ocrx_word' id='word_1_181' title='bbox 1272 2739 1282 2811; x_wconf 60' lang='lat' dir='ltr'><strong>i</strong></span> 
     </span>
    </p>
   </div>
   <div class='ocr_carea' id='block_1_5' title="bbox 213 2882 1257 3933">
    <p class='ocr_par' dir='ltr' id='par_1_5' title="bbox 213 2882 1257 3933">
     <span class='ocr_line' id='line_1_24' title="bbox 239 2882 784 2974; baseline -0.017 -20"><span class='ocrx_word' id='word_1_182' title='bbox 239 2889 318 2956; x_wconf 84' lang='lat' dir='ltr'><strong>hus.</strong></span> <span class='ocrx_word' id='word_1_183' title='bbox 341 2883 386 2950; x_wconf 89' lang='lat' dir='ltr'><strong>ad</strong></span> <span class='ocrx_word' id='word_1_184' title='bbox 405 2885 565 2974; x_wconf 88' lang='lat' dir='ltr'><strong>Propert.</strong></span> <span class='ocrx_word' id='word_1_185' title='bbox 586 2882 648 2952; x_wconf 88' lang='lat'><strong>111.</strong></span> <span class='ocrx_word' id='word_1_186' title='bbox 671 2907 703 2965; x_wconf 86' lang='lat'><strong>9.</strong></span> <span class='ocrx_word' id='word_1_187' title='bbox 724 2885 784 2953; x_wconf 69' lang='lat'><strong>5,5.·</strong></span> 
     </span>
     <span class='ocr_line' id='line_1_25' title="bbox 285 2976 1247 3092; baseline -0.014 -28"><span class='ocrx_word' id='word_1_188' title='bbox 285 2992 543 3075; x_wconf 84' lang='lat' dir='ltr'><strong>Electissimo,</strong></span> <span class='ocrx_word' id='word_1_189' title='bbox 576 2990 601 3058; x_wconf 86' lang='lat' dir='ltr'><strong>i.</strong></span> <span class='ocrx_word' id='word_1_190' title='bbox 626 3013 656 3060; x_wconf 90' lang='lat' dir='ltr'><strong>e.</strong></span> <span class='ocrx_word' id='word_1_191' title='bbox 683 2989 883 3092; x_wconf 86' lang='lat' dir='ltr'><strong>praecipuo.</strong></span> <span class='ocrx_word' id='word_1_192' title='bbox 918 2976 1247 3088; x_wconf 70' lang='lat' dir='ltr'><strong>Supr.18.pngilt¹</strong></span> 
     </span>
     <span class='ocr_line' id='line_1_26' title="bbox 239 3104 1018 3173; baseline -0.012 -1"><span class='ocrx_word' id='word_1_193' title='bbox 239 3104 551 3173; x_wconf 69' lang='lat' dir='ltr'><strong>electissimorum.</strong></span> <span class='ocrx_word' id='word_1_194' title='bbox 1015 3158 1018 3163; x_wconf 91' lang='lat'><strong>.</strong></span> 
     </span>
     <span class='ocr_line' id='line_1_27' title="bbox 240 3197 1254 3299; baseline -0.009 -22"><span class='ocrx_word' id='word_1_195' title='bbox 240 3244 244 3252; x_wconf 91' lang='lat'><strong>·</strong></span> <span class='ocrx_word' id='word_1_196' title='bbox 283 3210 419 3292; x_wconf 80' lang='lat' dir='ltr'><strong>Index,</strong></span> <span class='ocrx_word' id='word_1_197' title='bbox 440 3208 465 3276; x_wconf 88' lang='lat' dir='ltr'><strong>i.</strong></span> <span class='ocrx_word' id='word_1_198' title='bbox 486 3233 516 3276; x_wconf 87' lang='lat' dir='ltr'><strong>e.</strong></span> <span class='ocrx_word' id='word_1_199' title='bbox 539 3206 684 3292; x_wconf 86' lang='lat' dir='ltr'><strong>titulus,</strong></span> <span class='ocrx_word' id='word_1_200' title='bbox 713 3205 918 3299; x_wconf 83' lang='lat' dir='ltr'><strong>inscriptio,</strong></span> <span class='ocrx_word' id='word_1_201' title='bbox 949 3221 989 3271; x_wconf 85' lang='lat' dir='ltr'><strong>ut</strong></span> <span class='ocrx_word' id='word_1_202' title='bbox 1011 3197 1056 3273; x_wconf 78' lang='lat' dir='ltr'><strong>dc</strong></span> <span class='ocrx_word' id='word_1_203' title='bbox 1083 3197 1223 3297; x_wconf 70' lang='lat' dir='ltr'><strong>Gramttt·</strong></span> <span class='ocrx_word' id='word_1_204' title='bbox 1251 3252 1254 3257; x_wconf 87' lang='lat'>-</span> 
     </span>
     <span class='ocr_line' id='line_1_28' title="bbox 282 3300 1253 3407; baseline -0.012 -22"><span class='ocrx_word' id='word_1_205' title='bbox 282 3319 425 3397; x_wconf 81' lang='lat' dir='ltr'><strong>Notae,</strong></span> <span class='ocrx_word' id='word_1_206' title='bbox 449 3338 520 3380; x_wconf 90' lang='lat' dir='ltr'><strong>non</strong></span> <span class='ocrx_word' id='word_1_207' title='bbox 539 3333 620 3382; x_wconf 90' lang='lat' dir='ltr'><strong>sunt</strong></span> <span class='ocrx_word' id='word_1_208' title='bbox 637 3315 845 3399; x_wconf 82' lang='lat' dir='ltr'><strong>discrimen,</strong></span> <span class='ocrx_word' id='word_1_209' title='bbox 863 3310 962 3405; x_wconf 85' lang='lat' dir='ltr'><strong>&#39;quod</strong></span> <span class='ocrx_word' id='word_1_210' title='bbox 976 3312 1072 3375; x_wconf 85' lang='lat' dir='ltr'><strong>inter</strong></span> <span class='ocrx_word' id='word_1_211' title='bbox 1089 3307 1175 3388; x_wconf 83' lang='lat' dir='ltr'><strong>duos</strong></span> <span class='ocrx_word' id='word_1_212' title='bbox 1187 3300 1253 3407; x_wconf 70' lang='lat' dir='ltr'><strong>citt·</strong></span> 
     </span>
     <span class='ocr_line' id='line_1_29' title="bbox 236 3408 1254 3517; baseline -0.015 -21"><span class='ocrx_word' id='word_1_213' title='bbox 236 3426 321 3495; x_wconf 80' lang='lat' dir='ltr'><strong>dem</strong></span> <span class='ocrx_word' id='word_1_214' title='bbox 341 3426 489 3493; x_wconf 86' lang='lat' dir='ltr'><strong>nominis</strong></span> <span class='ocrx_word' id='word_1_215' title='bbox 509 3421 764 3508; x_wconf 87' lang='lat' dir='ltr'><strong>intercederet,</strong></span> <span class='ocrx_word' id='word_1_216' title='bbox 786 3441 826 3490; x_wconf 92' lang='lat' dir='ltr'><strong>ut</strong></span> <span class='ocrx_word' id='word_1_217' title='bbox 844 3421 986 3517; x_wconf 81' lang='lat' dir='ltr'><strong>exponit</strong></span> <span class='ocrx_word' id='word_1_218' title='bbox 1001 3420 1120 3491; x_wconf 77' lang='lat' dir='ltr'><strong>Burm.</strong></span> <span class='ocrx_word' id='word_1_219' title='bbox 1134 3413 1180 3483; x_wconf 85' lang='lat' dir='ltr'><strong>ad</strong></span> <span class='ocrx_word' id='word_1_220' title='bbox 1196 3408 1254 3481; x_wconf 60' lang='lat' dir='ltr'><strong>VN·</strong></span> 
     </span>
     <span class='ocr_line' id='line_1_30' title="bbox 239 3516 1257 3620; baseline -0.003 -22"><span class='ocrx_word' id='word_1_221' title='bbox 239 3533 298 3620; x_wconf 82' lang='lat' dir='ltr'><strong>gil.</strong></span> <span class='ocrx_word' id='word_1_222' title='bbox 330 3533 420 3603; x_wconf 81' lang='lat' dir='ltr'><strong>Aen.</strong></span> <span class='ocrx_word' id='word_1_223' title='bbox 441 3533 501 3602; x_wconf 89' lang='lat' dir='ltr'><strong>III.</strong></span> <span class='ocrx_word' id='word_1_224' title='bbox 533 3530 619 3598; x_wconf 77' lang='lat'><strong>444:</strong></span> <span class='ocrx_word' id='word_1_225' title='bbox 667 3527 728 3597; x_wconf 89' lang='lat' dir='ltr'><strong>sed</strong></span> <span class='ocrx_word' id='word_1_226' title='bbox 762 3531 907 3597; x_wconf 84' lang='lat' dir='ltr'><strong>crimina</strong></span> <span class='ocrx_word' id='word_1_227' title='bbox 934 3551 1054 3596; x_wconf 86' lang='lat' dir='ltr'><strong>corum</strong></span> <span class='ocrx_word' id='word_1_228' title='bbox 1090 3516 1257 3595; x_wconf 54' lang='lat' dir='ltr'><strong>nomini!</strong></span> 
     </span>
     <span class='ocr_line' id='line_1_31' title="bbox 239 3628 1257 3730; baseline 0 -25"><span class='ocrx_word' id='word_1_229' title='bbox 239 3640 416 3730; x_wconf 69' lang='lat' dir='ltr'><strong>appositas</strong></span> <span class='ocrx_word' id='word_1_230' title='bbox 450 3637 583 3728; x_wconf 83' lang='lat' dir='ltr'><strong>q&#39;uales.</strong></span> <span class='ocrx_word' id='word_1_231' title='bbox 598 3657 696 3706; x_wconf 88' lang='lat' dir='ltr'><strong>notas</strong></span> <span class='ocrx_word' id='word_1_232' title='bbox 730 3662 887 3706; x_wconf 84' lang='lat' dir='ltr'><strong>censores</strong></span> <span class='ocrx_word' id='word_1_233' title='bbox 917 3657 1037 3704; x_wconf 86' lang='lat' dir='ltr'><strong>eorum</strong></span> <span class='ocrx_word' id='word_1_234' title='bbox 1057 3628 1257 3706; x_wconf 64' lang='lat' dir='ltr'><strong>nomiubnt</strong></span> 
     </span>
     <span class='ocr_line' id='line_1_32' title="bbox 242 3738 1241 3837; baseline 0.002 -28"><span class='ocrx_word' id='word_1_235' title='bbox 242 3770 327 3837; x_wconf 89' lang='lat' dir='ltr'><strong>quos</strong></span> <span class='ocrx_word' id='word_1_236' title='bbox 347 3763 508 3814; x_wconf 88' lang='lat' dir='ltr'><strong>notarent</strong></span> <span class='ocrx_word' id='word_1_237' title='bbox 516 3796 527 3832; x_wconf 88' lang='lat'><strong>,</strong></span> <span class='ocrx_word' id='word_1_238' title='bbox 551 3766 726 3836; x_wconf 87' lang='lat' dir='ltr'><strong>apponere</strong></span> <span class='ocrx_word' id='word_1_239' title='bbox 749 3746 917 3823; x_wconf 83' lang='lat' dir='ltr'><strong>solebant.</strong></span> <span class='ocrx_word' id='word_1_240' title='bbox 940 3769 974 3816; x_wconf 79' lang='lat' dir='ltr'><strong>v.</strong></span> <span class='ocrx_word' id='word_1_241' title='bbox 998 3738 1123 3811; x_wconf 84' lang='lat' dir='ltr'><strong>Claud.</strong></span> <span class='ocrx_word' id='word_1_242' title='bbox 1145 3743 1198 3813; x_wconf 82' lang='lat'><strong>16.</strong></span> <span class='ocrx_word' id='word_1_243' title='bbox 1238 3812 1241 3817; x_wconf 83' lang='grc'><strong>,</strong></span> 
     </span>
     <span class='ocr_line' id='line_1_33' title="bbox 213 3850 788 3933; baseline 0.007 -12"><span class='ocrx_word' id='word_1_244' title='bbox 213 3850 313 3927; x_wconf 66' lang='lat' dir='ltr'><strong>...teli</strong></span> <span class='ocrx_word' id='word_1_245' title='bbox 337 3854 368 3919; x_wconf 84' lang='lat'><strong>8.</strong></span> <span class='ocrx_word' id='word_1_246' title='bbox 402 3870 436 3920; x_wconf 89' lang='lat' dir='ltr'><strong>et</strong></span> <span class='ocrx_word' id='word_1_247' title='bbox 459 3853 623 3921; x_wconf 86' lang='lat' dir='ltr'><strong>Oudend.</strong></span> <span class='ocrx_word' id='word_1_248' title='bbox 647 3851 691 3933; x_wconf 83' lang='lat' dir='ltr'><strong>ad</strong></span> <span class='ocrx_word' id='word_1_249' title='bbox 710 3854 746 3922; x_wconf 91' lang='lat' dir='ltr'><strong>h.</strong></span> <span class='ocrx_word' id='word_1_250' title='bbox 763 3853 788 3925; x_wconf 90' lang='lat' dir='ltr'><strong>l.</strong></span> 
     </span>
    </p>
   </div>
   <div class='ocr_carea' id='block_1_6' title="bbox 241 3946 1266 4162">
    <p class='ocr_par' dir='ltr' id='par_1_6' title="bbox 241 3946 1266 4162">
     <span class='ocr_line' id='line_1_34' title="bbox 284 3946 1264 4051; baseline 0.007 -28"><span class='ocrx_word' id='word_1_251' title='bbox 284 3958 506 4046; x_wconf 82' lang='lat' dir='ltr'><strong>Destinnre,</strong></span> <span class='ocrx_word' id='word_1_252' title='bbox 537 3963 683 4051; x_wconf 83' lang='lat' dir='ltr'><strong>proprie</strong></span> <span class='ocrx_word' id='word_1_253' title='bbox 715 3958 846 4029; x_wconf 86' lang='lat' dir='ltr'><strong>dicitur</strong></span> <span class='ocrx_word' id='word_1_254' title='bbox 878 3961 924 4030; x_wconf 91' lang='lat' dir='ltr'><strong>de</strong></span> <span class='ocrx_word' id='word_1_255' title='bbox 954 3957 1137 4028; x_wconf 87' lang='lat' dir='ltr'><strong>damnatis.</strong></span> <span class='ocrx_word' id='word_1_256' title='bbox 1167 3946 1264 4043; x_wconf 64' lang='lat' dir='ltr'><strong>Virfli·</strong></span> 
     </span>
     <span class='ocr_line' id='line_1_35' title="bbox 241 4060 1266 4162; baseline 0.004 -21"><span class='ocrx_word' id='word_1_257' title='bbox 241 4070 331 4141; x_wconf 83' lang='lat' dir='ltr'><strong>Aen.</strong></span> <span class='ocrx_word' id='word_1_258' title='bbox 349 4070 394 4141; x_wconf 83' lang='grc' dir='ltr'><strong>ΙΙ.</strong></span> <span class='ocrx_word' id='word_1_259' title='bbox 420 4092 493 4160; x_wconf 79' lang='lat'><strong>129.</strong></span> <span class='ocrx_word' id='word_1_260' title='bbox 525 4086 563 4162; x_wconf 78' lang='lat' dir='ltr'><strong>et</strong></span> <span class='ocrx_word' id='word_1_261' title='bbox 588 4095 645 4162; x_wconf 86' lang='lat' dir='ltr'><strong>me</strong></span> <span class='ocrx_word' id='word_1_262' title='bbox 668 4072 838 4155; x_wconf 78' lang='lat' dir='ltr'><strong>destinat</strong></span> <span class='ocrx_word' id='word_1_263' title='bbox 858 4095 959 4143; x_wconf 81' lang='lat' dir='ltr'><strong>orne.</strong></span> <span class='ocrx_word' id='word_1_264' title='bbox 991 4068 1118 4145; x_wconf 75' lang='lat' dir='ltr'><strong>lustin.</strong></span> <span class='ocrx_word' id='word_1_265' title='bbox 1141 4060 1266 4145; x_wconf 49' lang='lat' dir='ltr'><strong>Villa</strong></span> 
     </span>
    </p>
   </div>
   <div class='ocr_carea' id='block_1_7' title="bbox 1198 4174 1269 4269">
    <p class='ocr_par' dir='ltr' id='par_1_7' title="bbox 1198 4174 1269 4269">
     <span class='ocr_line' id='line_1_36' title="bbox 1198 4174 1269 4269; baseline 0.099 -26"><span class='ocrx_word' id='word_1_266' title='bbox 1198 4174 1269 4269; x_wconf 75' lang='lat' dir='ltr'><strong>siat</strong></span> 
     </span>
    </p>
   </div>
   <div class='ocr_carea' id='block_1_8' title="bbox 0 0 1297 4942">
    <p class='ocr_par' dir='ltr' id='par_1_8' title="bbox 0 0 1297 4942">
     <span class='ocr_line' id='line_1_37' title="bbox 0 0 1297 4942; baseline 0 0"><span class='ocrx_word' id='word_1_267' title='bbox 0 0 1297 4942; x_wconf 95' lang='lat' dir='ltr'><strong> </strong></span> 
     </span>
    </p>
   </div>
  </div>
 </body>
</html>
