2580 4942
207 374 276 447 no
413 352 416 357 '
541 317 943 436 uetustus

240 552 322 630 ’.38
370 544 580 641 Utrumque.
605 552 664 625 Sic
683 567 778 619 recte
798 551 881 618 hbrt
895 564 1054 621 veteres
1069 548 1164 615 Nem
1182 572 1257 621 teos

210 676 256 745 pe
283 652 457 719 femininis
491 653 673 718 subiicitur
699 669 861 723 neutrum
897 672 1014 738 g.enus
1038 650 1117 718 Liv.
1134 652 1261 720 XLIV.

105 846 111 855 ι
190 764 268 830 ’56.
311 760 512 826 Lassitudo
542 774 577 827 et
605 759 689 831 citis
715 762 792 825 iam
813 706 1062 843 sentiebatur,
1084 772 1127 827 et
1148 761 1261 829 merie

210 870 271 951 die
293 871 453 936 instante
474 867 592 951 magis
617 886 850 933 accessurum
869 880 1068 954 *utrumque
1096 890 1261 961 appare-

211 976 284 1042 bat.
307 976 368 1040 ubi
388 999 421 1042 v.
444 971 618 1038 Drakenb.
641 969 723 1041 edd.
743 973 829 1043 Intt.
852 971 888 1036 h.
909 971 932 1040 Ι.

257 1079 436 1166 Subeunti
458 1078 638 1163 Tiberim,
661 1076 684 1142 i.
708 1101 738 1143 e.
762 1081 882 1165 ornari
903 1081 1119 1167 ingredienti
1142 1084 1264 1153 ostium

212 1183 364 1250 Tiberis.
400 1183 523 1269 virgil.
556 1183 645 1249 Aen.
673 1175 735 1252 ΙΙΙ.
767 1208 844 1275 292.
879 1207 1066 1282 portuque
1099 1195 1261 1261 subimus

216 1292 389 1373 Chaonio.
430 1293 616 1378 Perperam
636 1294 852 1374 Burmannus
879 1299 933 1366 ad'
946 1300 1037 1374 Vell.
1059 1301 1200 1377 Patere.
1222 1302 1261 1386 IL

210 1397 265 1473 45.
289 1401 411 1467 subire
442 1401 605 1485 Tiberim
632 1387 946 1494 explicat'adverso
969 1409 1097 1476 Tiberi
1121 1415 1278 1499 navigo-p

209 1532 270 1577 re:
296 1506 391 1600 quod
415 1506 450 1574 h.
472 1505 497 1574 l.
521 1507 671 1576 alienum
690 1533 787 1592 esse,
813 1528 991 1582 contextus
1011 1514 1137 1599 docet.

229 1634 233 1645 ’
255 1618 301 1684 In
321 1616 484 1682 ordinem
505 1639 542 1682 se
567 1631 751 1703 coactum,
775 1618 798 1683 i.
824 1643 855 1685 e.
869 1620 914 1686 'se
937 1639 1179 1711 contemtum,
1200 1624 1259 1698 de·.

210 1723 357 1816 spicatui
380 1719 538 1786 habitum
555 1745 639 1790 esse.
664 1725 738 1792 Liv.
761 1727 874 1811 XXV.
898 1729 930 1795 4.
955 1731 1125 1803 tribunos
1144 1735 1185 1811 in
1202 1758 1258 1801 or·

213 1833 334 1923 ptp‘nem
360 1829 531 1915 coi'gisse.
555 1825 618 1892 ubi
642 1852 674 1897 v.
696 1830 782 1903 Intt.
805 1836 982 1928 vesp-15.
1003 1836 1260 1913 alteieationie

210 1945 275 2009 bus
310 1936 601 2005 insolentissimis
638 1960 759 2025 poene
792 1945 829 2025 in
872 1942 1036 2015 ordinem
1076 1953 1259 2035 redactus

210 2052 304 2117 Haec
328 2041 498 2135 loquendi
520 2041 666 2116 formula
690 2043 795 2114 dueta
817 2066 868 2118 est
891 2074 911 2115 e
931 2051 1082 2139 militia,
1106 2057 1172 2123 uhi
1195 2057 1258 2129 mi·

210 2158 289 2235 lites
312 2172 408 2227 extra
431 2149 608 2218 ordinem
614 2175 726 2217 suum
743 2154 780 2217 in
811 2157 943 2241 agmine
969 2161 1123 2249 egressi²
1147 2186 1168 2227 ιι
1194 2158 1257 2233 (1ιι-Ι

212 2267 346 2345 cibus
331 2291 368 2331 tn
388 2262 550 2328 ordinem
572 2263 655 2348 cogi
676 2258 854 2328 (licuntur.

222 2368 591 2457 dntemperuntium
629 2370 653 2453 ἰ.
682 2392 712 2436 e.
746 2386 785 2443 ut
808 2385 965 2443 uteretur
992 2370 1258 2477 intemperentia

208 2475 358 2562 linguae.
1047 2496 1054 2507 '

254 2583 469 2674 Affuisset,
488 2596 652 2669 tanquam
671 2597 863 2671 patronus²
885 2581 939 2651 tel
966 2581 1183 2675 advocatus,
1206 2590 1255 2682 qui

102 2730 105 2735 ·
210 2690 354 2785 proprie
369 2684 497 2753 dicitur
517 2688 656 2769 adesse.

220 2802 222 2807 ’
256 2803 297 2875 V
293 2801 434 2877 illisus,
457 2794 520 2861 etsi
538 2797 681 2888 proprie
705 2795 855 2883 dieitur²
879 2798 940 2889 qui
967 2791 1076 2868 curatt
1088 2801 1191 2874 villos
1210 2804 1254 2883 vel

210 2907 355 3002 praedia
380 2901 528 2984 rustica,
552 2924 654 2992 saepe
676 2920 789 2978 tamen
816 2922 868 2970 est
892 2905 1042 2996 quilibet
1068 2908 1251 3002 dispenso-

210 3030 323 3083 toret
351 3034 578 3094 oeconomus,
613 3014 712 3079 etiam
740 3015 777 3079 in
807 3014 907 3097 urbe.
932 3040 962 3098 v.
991 3015 1121 3101 Catuli.
1146 3018 1252 3103 Germ,

211 3123 287 3190 LX.
312 3108 385 3187 156.
409 3132 445 3181 et
466 3119 515 3184 ibi
537 3120 582 3205 Is.
606 3122 789 3207 Vossium‚
812 3122 896 3189 item
920 3114 1063 3211 Salmas.
1080 3125 1130 3192 ud
1152 3129 1250 3195 Lam·

208 3230 305 3325 prid.
328 3226 426 3294 Alex.
451 3228 565 3294 Sever.
587 3229 639 3298 15.
692 3288 708 3302 ,
1119 3250 1123 3257 ·

212 3354 215 3365 ·
251 3336 321 3407 Ad
338 3347 544 3420 susceptam
560 3340 774 3424 stationem,
797 3341 821 3406 i.
843 3365 873 3425 e.
896 3339 940 3414 ad
960 3354 1163 3428 susceptum
1176 3366 1249 3413 mua

120 3503 127 3510 .
210 3472 276 3517 nus
294 3444 445 3536 imperii.
492 3442 612 3508 Statio
636 3448 779 3533 proprie
805 3464 856 3515 est
878 3446 1160 3540 militumt'inde
1175 3448 1250 3515 uni·.

209 3581 305 3627 verse
325 3554 471 3621 sumitur
491 3576 556 3644 pro
583 3573 746 3631 munere,
771 3553 864 3643 quod
892 3554 993 3622 elicui
1012 3552 1252 3624 demandatum

213 3676 276 3730 est'.
299 3689 331 3731 v.
354 3660 445 3728 Plin.
465 3658 591 3744 Pa'neg.
616 3683 648 3746 7.
671 3676 705 3724 et
732 3659 782 3725 ibi
802 3659 928 3728 Su'arz.
973 3662 1084 3750 Negat
1105 3664 1163 3747 Cl.
1186 3664 1250 3731 Er*

212 3790 352 3856 nestus,
374 3770 596 3859 antiquiores·
608 3769 793 3857 scriptores
812 3773 1005 3837 stationem
1025 3796 1093 3863 pro
1113 3774 1252 3869 imperio

213 3877 350 3943 dixisse.
395 3877 459 3942 Cui
488 3875 566 3939 satis
592 3873 674 3940 fecit
702 3873 934 3963 Oudendorp.
961 3901 1003 3942 ex
1029 3880 1110 3969 ipso
1134 3884 1250 3970 Augu.

182 3976 185 3985 ¹
213 4003 337 4073 stoap.
357 3983 446 4051 Gell.
466 3983 542 4050 XV
566 4006 597 4068 7.
622 4001 656 4047 et
678 3979 767 4050 Vell.
786 3983 858 4047 Pat.
880 3983 926 4048 Ι.Ι
946 3986 1064 4066 124.

255 4107 313 4166 Mn
294 4103 432 4180 sctit
396 4099 448 4162 tir·
435 4088 639 4172 timanthi.
663 4111 692 4153 e.
715 4086 898 4156 stultorum
925 4046 1095 4164 exaltatio.
1128 4122 1161 4167 v.
1186 4099 1247 4165 Ca·

1160 4202 1245 4270 sauir.
