2580 4942
373 111 809 188 .Aocnsrcs
1064 149 1126 222 ,μ

81 294 114 371 Ι.
140 297 1002 389 1.127.Mtraeuntnisiinoitovitseset'a
1013 336 1125 386 coena

67 415 355 501 pbmdnmv.
380 408 870 493 Grsev.nd1ustin.1.·.'=6

129 526 242 590 Senos
266 531 446 587 sextantes
485 515 573 584 dicit
594 543 661 608 pro
683 519 857 609 sexterlo’,
890 446 975 591 sed
985 527 1124 615 signifi.·
1168 567 1171 583 .

81 655 176 700 care
186 627 277 712 vult,
300 626 489 712 Augustum
505 627 594 692 senis
610 626 800 695 haustibus
807 636 992 703 sextantem
1011 638 1126 706 bibis-

80 761 133 806 se.
157 737 215 805 Sic
228 735 349 804 'locum
366 733 516 826 explicat
533 736 678 802 Gesner.
705 735 774 802 Tb.
794 739 835 803 L.
855 741 895 806 L.
919 762 950 808 v.
970 741 1125 815 Sentius.

125 844 353 930 Reiiciebat,
376 845 399 911 i.
426 868 456 910 e.
481 842 669 911 evomebat.
714 842 892 935 Frequens
913 849 1060 918 ver-bum
1076 866 1121 918 m-

79 953 161 1044 pud
178 943 346 1022 MedicoS.
369 970 401 1020 v.
425 954 540 1019 Burm.
562 949 664 1018 adh.
683 950 707 1019 l.

122 1064 201 1130 Pro
217 1063 389 1148 potione,
412 1061 436 1129 i.
460 1086 489 1127 e.
511 1058 587 1127 loco
606 1054 770 1148 potionis.
820 1060 824 1071 “
940 1114 943 1123 .
975 1083 978 1090 ’

125 1169 211 1246 78
234 1171 321 1237 Post
343 1171 462 1235 cibum
491 1166 1128 1266 meridianwn..vetereottoman1,

11 1337 16 1341 ,
77 1271 229 1360 peractis
265 1268 407 1357 negotiis
436 1265 571 1332 maioris
600 1265 787 1349 momenti,
817 1268 908 1335 circa
940 1275 1125 1348 meridiem

71 1366 196 1440 cibum
224 1376 433 1461 sumebant,
466 1374 527 1441 sed
553 1372 711 1443 ievitert.
727 1313 874 1442 deinde
883 1374 1122 1452 meridiaban-

77 1501 158 1553 tur:
182 1497 300 1575 postea
320 1482 518 1570 advnegotia
539 1479 674 1548 levioris
701 1504 825 1572 operae
849 1486 1027 1563 redibant.
1069 1495 1122 1560 De

70 1613 149 1682 quo
167 1613 263 1657 more
286 1591 420 1658 erudite
443 1584 767 1680 disputot'Casaiib.
789 1591 833 1657 sd
851 1586 897 1660 h.
910 1594 943 1662 Ι.-

119 1701 287 1766 Retectis
297 1701 476 1788 pedibus,
501 1698 722 1765 casaubonus
741 1703 885 1791 exponit
900 1703 990 1769 bene
1008 1684 1120 1770 teotic.

73 1805 146 1873 Sed
164 1806 283 1873 melius
311 1817 363 1872 est
384 1796 577 1892 intelligere
607 1827 677 1871 non
701 1820 808 1878 tectos
838 1806 986 1897 strigula
1012 1827 1118 1881 veste.

69 1915 160 1983 Nam
184 1928 344 2003 retegere
365 1933 500 2004 semper
525 1928 576 1977 est
599 1912 745 2002 aperire.
768 1913 908 1984 Patron.
930 1935 979 2006 17.
1015 1932 1114 1986 rete·-
1142 1974 1144 1980 ,

67 2024 129 2090 wit
155 2024 348 2108 superbam
368 2021 480 2107 pallio
507 2030 632 2106 caput.
655 2040 687 2085 v.
709 2018 873 2114 Oudend.
896 2021 939 2087 nd
960 2021 998 2088 h.
1021 2020 1048 2088 l.
1100 2052 1103 2059 ·

65 2168 72 2177 ·
112 2129 422 2220 Conquiescebot,
454 2126 477 2194 i.
511 2149 542 2192 e.
568 2123 828 2197 meridiabatur.
859 2129 985 2197 Caesar
1007 2125 1054 2195 de
1073 2129 1112 2197 B.

68 2236 115 2306 G.
131 2237 208 2306 VII.
227 2237 280 2306 46.
302 2250 345 2304 nt
368 2234 519 2303 meridie
538 2234 799 2320 conquieverat.

110 2344 423 2412 Lucubratoriom
450 2342 665 2409 lecticulam.
722 2342 1032 2434 Lecticnlaidem
1059 2357 1114 2409 est

66 2448 168 2544 qnod
190 2453 351 2518 notator.
395 2450 438 2516 In
457 2447 521 2515 hac
541 2471 577 2513 se
599 2448 854 2543 componebant
881 2467 1012 2520 veteres
1033 2473 1110 2516 me·

62 2559 232 2627 ditationi
255 2575 312 2625 aut
334 2558 513 2652 scriptioni
532 2580 672 2650 operam
695 2555 822 2623 daturi.
844 2580 877 2626 v.
900 2558 976 2628 Cic.
993 2556 1038 2624 (ie
1056 2559 1112 2624 0-

68 2684 135 2734 rat.
160 2669 275 2736 111.5.
308 2667 467 2756 inprimis
493 2668 684 2732 Casaubon.
707 2663 750 2732 ed
774 2665 811 2733 h.
831 2662 857 2731 l.
900 2665 1115 2733 Litcnbtnt‘e

63 2790 123 2842 est
146 2774 278 2866 aliquid
304 2774 415 2842 iacere
435 2768 478 2838 ad
501 2765 689 2842 lucernam.
940 2780 945 2795 '

62 2912 71 2929 ·
110 2883 179 2950 Act
200 2886 350 2949 maltam
376 2895 534 2964 noctem„
558 2880 582 2946 i.
606 2903 636 2947 e.
660 2882 697 2946 in
718 2902 826 2949 seram
852 2895 999 2948 noctem.
1033 2883 1112 2951 Cic.

64 2988 112 3057 sd
135 2991 208 3081 Qu.
230 2991 287 3056 Fr.
307 2991 351 3058 11.
376 3012 406 3076 9·
437 2990 552 3055 malta
578 3004 682 3058 nocte
707 2993 793 3058 veni
820 2990 872 3057 ad
894 2978 1114 3080 Pompeium.

66 3097 195 3187 Virgil.
222 3099 428 3184 Ge01·g.lV.
458 3099 528 3164 180.
581 3099 639 3166 At
654 3098 782 3186 fesecw
809 3100 923 3164 multa
947 3098 1113 3186 refirnnt

62 3230 104 3273 ee
134 3221 236 3273 nocte
269 3209 434 3273 minores.
482 3207 539 3274 Sic
570 3209 673 3274 etiam
701 3201 831 3268 dicitur
849 3207 971 3272 multa
1008 3207 1087 3271 dies
1102 3267 1117 3307 ἲ

62 3318 180 3382 multa
202 3318 273 3383 lex.
298 3318 419 3382 Caesar
438 3311 483 3382 de
501 3317 539 3382 B.
563 3317 607 3382 G.
626 3315 652 3379 Ι.
674 3333 725 3377 22.
750 3312 861 3374 malso
878 3313 939 3375 die
956 3335 1029 3398 per
1045 3339 1111 3380 ex-

60 3424 267 3510 ploratores
285 3425 464 3509 cognovit.
488 3425 585 3490 Curt.
605 3423 666 3489 IV.
687 3421 737 3485 15.
768 3418 882 3483 molta
907 3420 962 3484 lex
986 3435 1053 3488 est.
1076 3442 1113 3491 v.

64 3527 151 3594 lntt.
174 3527 217 3593 ad
240 3527 276 3595 h.
298 3525 322 3594 l.
347 3547 382 3596 et
404 3530 578 3599 Drakenb.
603 3523 647 3590 ad
667 3525 740 3589 Liv.
760 3526 804 3592 V.
819 3511 885 3592 ⁶26.

111 3633 203 3700 Cum
220 3638 445 3724 plurimum,
467 3639 492 3705 i.
516 3663 545 3705 e.
569 3634 612 3703 ad
635 3656 813 3699 summum.
848 3635 928 3703 Liv
950 3637 1117 3706 XXXIII.

61 3748 94 3815 5.
121 3747 260 3827 trium,
283 3760 370 3828 ortt,
384 3765 476 3814 'cnm
494 3749 722 3835 plurimum,
747 3755 905 3830 quatuor
929 3767 1113 3811 ramorum

61 3857 179 3924 vallos
203 3853 335 3920 caedit.

697 4302 703 4313 .

625 4358 639 4373 Ἦ

609 4327 694 4512 Ι
824 4474 845 4511 Ι.
