2580 4942
131 334 200 407 ‚n
379 300 382 307 ’
469 315 855 394 rrssrrus:

129 519 214 603 lust.
234 506 338 584 catil.
358 530 391 600 7.
413 508 568 591 civitas,
591 505 727 596 adepte
749 507 944 590 lidertniej
960 498 1099 582 eredit.
1116 509 1173 585 ubi

132 646 165 695 v.
188 623 286 689 Cort.
1063 695 1067 700 ,

175 725 378 816 Adfuit,i.
397 744 428 791 e.
451 741 602 808 egressus
622 722 788 789 esturhu.
835 722 895 790 Sio
917 719 983 797 inf.
998 743 1056 813 72.
1076 738 1173 799 eom-j

129 850 253 908 meatu
275 831 462 922 afuturus.

175 937 467 1030 comprehensis,
490 937 515 1002 i.
532 959 563 1003 e.
586 938 729 1021 eduens,
751 947 792 999 ut
809 930 853 999 sd
866 931 988 1000 illud
977 950 1048 1023 uer
1069 935 1168 1003 edhi-

131 1049 311 1117 berentur.
335 1045 411 1115 Liv.
431 1042 561 1112 XXVI.
584 1066 616 1131 7.
646 1067 758 1110 naves
781 1043 819 1110 in
832 1030 1168 1138 βανηιηεχγιιῖίιιν

131 1181 177 1225 no
206 1155 492 1243 comprehensos.
521 1151 585 1232 ubr
611 1171 644 1217 v.
666 1149 821 1216 Gronov.
848 1147 1012 1234 ·Calig.''
991 1170 1047 1238 09.
1060 1194 1064 1201 -
1077 1172 1165 1217 oom-

100 1341 103 1345 ,
124 1260 322 1352 prehensis
339 1254 401 1326 ad'
416 1257 680 1347 deportandum
700 1256 900 1337 meritoriis
926 1254 1119 1327 vehiculis.
1137 1280 1165 1329 r.

132 1368 272 1438 Ernest.
294 1365 339 1432 ed
361 1365 398 1432 h.
416 1363 440 1437 l.

181 1471 468 1555 commeatibus,
490 1472 514 1539 i.
535 1495 565 1549 e.
594 1469 852 1566 impedimentis
877 1485 912 1538 et
933 1469 1164 1538 instrumentis

131 1576 353 1660 necessariis,
375 1575 464 1643 forte
485 1578 588 1644 etiam
612 1577 807 1644 comitibus.
850 1577 909 1644 sio
931 1578 1162 1666 impedierun-

132 1701 175 1758 ιιι
205 1711 277 1753 non
307 1683 412 1751 modo
442 1682 608 1750 dicuutur
638 1682 811 1766 sarcinae,
842 1697 879 1747 et
904 1682 1162 1770 vehicula,.sed

133 1795 210 1890 ipse
232 1783 334 1860 etiam
354 1793 519 1859 iumenta.
543 1817 576 1860 v.
598 1791 819 1864 F1·ontin.II.
839 1815 868 1860 1.
894 1813 945 1867 ιι.
969 1807 1006 1858 οι
1020 1791 1074 1857 ibi
1089 1792 1161 1863 lun

133 1900 218 1966 item
243 1895 408 1965 Oudend.
430 1899 475 1965 nd
496 1901 532 1968 hs
553 1897 579 1968 l.

178 2007 277 2076 Vota
287 2027 360 2092 pro
386 2007 443 2071 itn
461 2019 499 2073 et
518 2008 652 2076 reditu.
688 2006 788 2075 Pleni
809 2005 928 2075 talium
947 2022 1106 2076 votorum
1123 2003 1166 2071 lie

132 2113 213 2198 bri,
244 2111 398 2209 lapides,
429 2113 571 2179 nummi.
604 2109 712 2207 Calig.
736 2113 788 2182 14.
823 2127 910 2181 vota
939 2137 1014 2207 pro
1051 2113 1162 2184 reditu

131 2210 302 2320 suscepto
326 2233 423 2288 sunt.

177 2329 240 2404 39.
264 2330 394 2396 Paullo
407 2330 547 2412 minue,
563 2331 588 2396 ἰ.
603 2354 632 2398 e.
649 2325 924 2447 propemodum,
938 2342 1075 2396 tantum
1087 2341 1161 2401 nor.

175 2429 464 2510 Inooenonte,
433 2430 499 2500 uri
520 2377 614 2509 docti
631 2432 773 2526 capiunt
792 2455 859 2521 pro
880 2431 975 2495 intus
995 2444 1162 2497 coenante.

130 2536 259 2605 Melius
279 2552 332 2604 est
358 2533 470 2623 legere
489 2551 677 2622 coenante,
701 2535 797 2685 quod
815 2534 918 2604 MSS.
943 2535 1089 2626 quidam
1104 2534 1162 2603 lu
1162 2558 1168 2571 ¹

59 2677 62 2687 ¹
130 2643 227 2712 bent.

173 2750 357 2816 Fortuito.
401 2748 563 2816 Meliores
593 2748 706 2817 Codd.
728 2748 860 2816 habent
881 2751 1066 2840 sortnim.
1097 2750 1162 2843 Cio.

128 2850 176 2919 de
196 2851 265 2919 Off.
283 2855 310 2921 I.
334 2878 387 2946 29.
420 2871 552 2925 temere
577 2881 622 2924 oe
645 2857 824 2945 fermenne.
859 2859 951 2926 Plin.
970 2859 1020 2926 Ἠ.
1044 2860 1089 2935 Ν.
1109 2857 1162 2925 xl.

129 2962 183 3046 57.
213 2961 288 3026 alia
311 2959 479 3050 fortuitu
505 2966 716 3039 incidentia.
773 2969 866 3034 Haec
901 2967 1012 3034 forma
1044 2961 1163 3039 centies

129 3067 217 3134 abiit
240 3069 278 3134 in
300 3073 470 3139 notiorem
476 3072 652 3160 fhrtnito.
676 3096 707 3138 v.
730 3075 814 3141 Iutt.
838 3073 882 3140 ad
902 3073 938 3141 h.
958 3070 984 3141 l.

173 3177 357 3264 Snperne,
388 3180 411 3245 i.
441 3204 471 3245 e.
505 3177 551 3244 de
579 3180 756 3269 superiore
787 3180 877 3249 loco.
907 3183 984 3251 Liv.
1007 3181 1090 3252 VII.
1118 3178 1162 3249 ιθ.

126 3284 228 3352 velut
251 3289 358 3352 moles
390 3311 544 3375 superne
568 3289 769 3356 imminens.
792 3290 856 3356 ubi
875 3315 906 3360 v.
928 3288 1118 3361 Drakenh.
1151 3318 1155 3327 ¹

177 3389 238 3478 40,
286 3391 516 3480 Capitolium.
559 3395 639 3462 Non
662 3396 788 3467 Romae
811 3415 945 3467 tantum
962 3392 1163 3486 Capitolium

127 3487 213 3577 fuit,
238 3489 299 3558 sed
322 3491 396 3559 aliis
417 3495 518 3561 etiam
536 3491 635 3562 locis.
657 3518 688 3564 v.
714 3495 820 3584 Calig.
839 3503 894 3588 57.
916 3512 952 3565 et
970 3495 1023 3563 ibi
1040 3495 1162 3585 Casuu-

128 3597 210 3667 bon.
257 3601 416 3668 Tandem
445 3625 561 3668 omnes
591 3625 685 3668 eroes
720 3604 909 3693 Capitolia.
940 3602 1014 3693 diei
1044 3622 1166 3693 coepes

126 3724 222 3775 runt.
246 3734 277 3776 v.
303 3709 365 3777 Sil.
388 3707 541 3783 [tuh-XI.
565 3713 639 3797 267.
664 3727 699 3778 et
723 3713 774 3779 ibi
798 3711 973 3795 Drakenb.

178 3815 440 3884 Obtestntione.
490 3817 697 3904 Obteetari,
720 3820 863 3909 proprie
886 3837 965 3902 est,
989 3837 1070 3887 oum
1093 3832 1165 3890 ΟΨ*

6 3982 9 3987 .
85 3950 87 3954 ·
124 3919 341 4016 ndiuramus,
375 3949 477 4014 quem
503 3949 683 4011 rogamus,
705 3942 745 3990 ut
769 3927 920 3995 Donatus
948 3927 996 3992 ait
1019 3922 1065 4001 ad
1096 3924 1165 3998 Te·

12 4034 14 4041 ’
125 4049 219 4108 rent.
242 4031 354 4107 Andr
367 4035 394 4104 Ι.
418 4037 449 4105 5
472 4037 571 4107 56.v
572 4034 739 4106 .Manut.
756 4028 799 4098 ad
820 4032 895 4104 Cic.
918 4029 961 4101 ed
983 4033 1063 4109 Div
1072 4034 1165 4109 Ila.

1109 4132 1170 4317 n.
