2580 4942
214 300 278 371 250
543 280 920 364 risa-Mus.

212 480 304 553 Plin.
334 479 459 565 Paneg.
484 501 537 569 90.
574 491 768 568 utrumque
791 490 958 547 nostrum
984 482 1026 548 in
1047 454 1243 570 proximum

213 595 312 660 iacto
327 589 489 677 fulmine
516 585 716 674 afflaverat.
739 586 801 652 ubi
821 611 854 655 v.
878 588 1005 656 Swrrz.

264 702 326 779 70,
375 696 596 776 Observare,
617 695 768 787 primum
783 693 972 777 dicuntur,
996 690 1061 786 qui
1078 714 1181 783 quem
1197 691 1245 759 os·

143 858 158 901 ·.
214 803 287 872 ficii
317 821 432 866 caussa
460 792 629 877 salutant,
654 793 857 876 deducunt,
891 810 1097 862 sectantur:
1128 792 1247 861 Deind0

215 910 277 1002 qui
299 930 403 999 quem
428 919 637 991 quocunque
661 899 765 967 modo
791 901 919 968 colunt.
945 900 1246 970 6111151111-

211 1020 314 1088 anwii
335 1025 420 1081 ante
438 1030 559 1073 omnes
579 1008 725 1073 Liviam
747 1007 972 1092 Angustam.
995 1031 1029 1075 v.
1057 1008 1197 1075 Manus
1215 1004 1246 1072 ad

215 1129 291 1198 Cic.
315 1122 358 1190 ad
379 1121 456 1188 Div.
472 1113 550 1184 VII.
574 1136 626 1201 27.
650 1130 685 1179 et
704 1112 841 1178 Ernest.
865 1111 910 1179 ad
931 1113 969 1181 h.
989 1114 1015 1182 l.

259 1227 493 1306 Morositate,
523 1223 548 1288 i.
575 1244 606 1287 e.
630 1220 736 1285 nimia
758 1217 923 1305 religione
945 1245 985 1295 ac
1009 1217 1204 1309 diligeritis.
1223 1240 1244 1288 v·

216 1341 354 1408 Ernest.
376 1331 420 1400 ad
441 1329 478 1397 11.
499 1326 526 1395 l.
549 1345 585 1394 et
601 1345 718 1397 notata
744 1326 787 1395 ad
808 1331 903 1398 Caes.
920 1333 976 1401 45.

257 1449 298 1518 A
320 1468 429 1526 curo,
451 1440 475 1506 i.
497 1461 527 1504 e.
551 1434 709 1504 adhibita
729 1460 822 1506 cura.
865 1438 1083 1528 Praepositio
1108 1461 1133 1505 c
1150 1435 1246 1500 intera

212 1559 298 1626 dum
321 1572 473 1620 caussam
502 1544 685 1631 significat.
720 1544 795 1610 Liv.
816 1535 932 1611 XXX.
959 1549 1011 1614 13.
1042 1545 1093 1612 ab
1118 1545 1245 1611 mnan

215 1664 469 1736 incautiorem.
493 1679 527 1723 v.
550 1647 727 1720 Drakenb.
755 1646 798 1712 ad
817 1651 894 1718 Liv.
911 1650 1041 1720 XXVI.
1062 1674 1094 1741 1.

259 1769 457 1856 Imagines.
508 1762 653 1829 Veteres
682 1754 841 1827 solebant
871 1752 1055 1823 doctorum
1083 1754 1246 1823 hominum

121 1947 124 1953 .
211 1876 373 1963 imagines
396 1873 435 1937 in
463 1865 687 1933 bibliothecis
714 1863 940 1935 dedicare.v
941 1865 1055 1934 ..Cal
1083 1870 1138 1938 54.
1167 1864 1245 1961 Lips

211 1975 442 2052 deB1hl1oth
463 1997 517 2040 ιο.
538 1990 573 2040 et
595 1973 739 2041 Casaub.
762 1972 863 2040 adh.
885 1975 911 2041 1.

256 2088 391 2159 Minois
407 2086 575 2171 exemplo.
599 2084 714 2148 Minos
737 2106 815 2150 cum
831 2084 868 2149 in
887 2084 964 2173 ipso
983 2083 1161 2152 sacrificio
1181 2106 1243 2151 cer

213 2201 283 2268 tior
304 2210 392 2263 esset
410 2190 541 2272 factus,
564 2188 676 2254 filium
692 2212 791 2255 suum
806 2189 1032 2277 And1ogeum
1048 2217 1188 2261 caesum
1201 2217 1243 2260 es

211 2334 266 2392 se,
290 2305 374 2372 tibia
390 2295 560 2374 inhibita,
583 2309 618 2359 et
637 2316 762 2360 corona
776 2298 928 2381 abIecta,
943 2301 1157 2370 sacrificium
1172 2325 1243 2393 per-

210 2416 291 2500 egit.
313 2435 346 2479 v.
368 2401 572 2499 Apollodor.
591 2403 653 2469 III.
677 2404 727 2469 14.
750 2422 785 2472 ct
801 2405 977 2474 Plutarch.
998 2410 1044 2475 Τ.
1064 2412 1112 2477 ΙΙ.
1135 2436 1172 2505 p.
1188 2412 1246 2479 151.

260 2519 322 2597 71,
361 2518 549 2599 Ἕμβλημα
567 2528 636 2595 cst,
661 2510 754 2601 quod
777 2511 878 2580 alteri
892 2517 942 2582 rei
962 2517 1133 2582 inseritur
1154 2541 1244 2585 orua-

211 2638 265 2689 tus
296 2641 431 2691 caussa,
452 2612 613 2702 inprimis
638 2611 786 2697 sigillum
820 2616 857 2679 in
884 2631 1027 2700 argento
1060 2616 1204 2684 caelato.
1223 2639 1247 2681 v.

208 2729 284 2795 Cic.
305 2727 409 2794 Verr.
433 2723 493 2788 IV.
520 2745 569 2808 17.
593 2709 733 2787 Salinas.
761 2718 805 2786 ad
833 2723 971 2812 Vopisc.
1000 2722 1186 2793 Aurelian.
1204 2726 1248 2794 46«

207 2851 245 2905 et
262 2834 399 2900 Ernest.
420 2828 468 2894 ad'
484 2827 520 2893 h.
536 2827 561 2893 1.

258 2937 320 3016 72,
353 2937 608 3017 Naumachia,
632 2935 689 3000 hic
706 2937 848 3026 ponitur
868 2927 934 3023 pro
950 2931 1046 3022 loco,
1070 2941 1136 3024 ubi
1149 2965 1253 3031 pugna

206 3038 336 3109 navalis
365 3035 501 3117 ludicra
521 3033 647 3107 editur.
670 3059 703 3104 v.
722 3037 806 3102 Ner.
828 3056 880 3122 27.
906 3035 979 3101 Tit.
996 3058 1030 3124 7.
1052 3057 1092 3109 ct
1118 3042 1253 3112 Erness.

207 3143 252 3211 ud
275 3145 309 3212 h.
333 3144 358 3211 l.

202 3259 226 3300 ·'
251 3254 407 3323 Suboelri
421 3301 432 3334 ‚
462 3269 513 3320 est
539 3249 681 3321 adverso
710 3251 852 3318 flumine
884 3250 975 3335 vehi.
1010 3252 1141 3340 Virgil.
1170 3256 1252 3325 Aen.

207 3359 301 3431 VIII.
325 3359 379 3427 58.
429 3361 639 3425 Adversum
674 3360 783 3423 remis
815 3383 964 3448 superes
999 3361 1195 3431 subvectus
1218 3379 1254 3433 ut

207 3490 360 3532 amnem.
383 3489 414 3534 v.
433 3465 539 3552 Calig.
564 3470 615 3535 15.
1223 3472 1229 3490 ’

250 3573 484 3659 Prospectis,
507 3572 531 3636 i.
550 3594 580 3636 e.
603 3568 736 3637 eminus
752 3586 790 3639 et
806 3596 824 3638 e
842 3571 1035 3666 longinquo
1054 3576 1149 3645 visis.
1173 3577 1254 3646 vir.

132 3735 135 3741 ,
206 3679 265 3766 gil.
288 3679 378 3754 Aen.
400 3681 461 3748 VI.
484 3682 557 3750 585.
592 3705 678 3768 qnos
706 3684 782 3747 iam
814 3683 896 3749 inde
927 3697 971 3748 ut
1000 3685 1138 3773 Stygia
1161 3707 1254 3772 pm·

204 3791 325 3878 spexit
345 3789 391 3855 ab
414 3789 524 3857 undo.
572 3791 702 3856 Contra
733 3794 938 3879 conspicere
960 3803 1014 3857 est
1036 3814 1080 3856 ex
1102 3790 1254 3886 propin*

182 3920 278 3990 .quo
294 3894 423 3964 videre.
446 3921 478 3965 v.
500 3893 674 3962 Drakenb.
700 3895 745 3961 ad
772 3901 846 3967 Liv.
865 3899 979 3968 XXII.
1003 3901 1037 3967 6.

249 4002 412 4072 Rediens
435 4002 684 4090 Campaniam.
731 4005 840 4095 Saepe
856 4004 1069 4102 praepositio
1097 4022 1181 4072 autc
1198 4029 1252 4069 re·

1180 4111 1253 4198 gio·
