2580 4942
374 351 767 429 canonius
1034 369 1124 456 a..
1227 308 1239 353 ²

17 526 20 531 ⁵
53 540 109 608 25.
152 538 303 605 Postero
335 536 395 604 die
413 537 540 624 prima
570 541 648 607 luce
678 519 804 613 Volsci
827 545 1006 619 vallum
990 571 1096 620 tava-

52 649 159 715 dont.

99 756 303 822 Destinati.
346 758 438 822 Bene
454 758 596 843 exponit
615 759 653 825 P.
672 758 784 825 Faber
804 760 963 830 Semestr.
978 763 1022 832 II.
1044 783 1096 836 12.

10 864 31 947 ‚⁸
102 862 150 927 Id
172 885 309 950 genos,
333 863 467 929 Graeco
492 886 586 927 more
614 862 743 930 dicitur
763 890 829 956 pro
857 869 929 932 eius
951 868 1095 953 generis.

54 972 130 1038 Tit.
152 995 181 1057 7.
206 974 319 1037 millia
340 994 439 1034 omne
463 992 578 1056 genas
586 969 769 1056 feroram.
792 977 918 1044 Domit.
939 977 972 1043 4.
995 1000 1097 1043 antae

53 1101 172 1167 genus
194 1081 359 1145 missilia.
384 1077 445 1142 ubi
464 1101 495 1142 v.
515 1073 746 1171 Oudendorpi

10 1172 23 1189 ⁶
101 1188 317 1266 Airiaa‘rov,
354 1202 406 1250 est
434 1184 594 1250 machina
628 1187 675 1254 ita
709 1205 868 1269 structe,
904 1205 943 1253 ut
974 1207 1101 1278 sponte

32 1320 38 1337 ⁹
56 1294 186 1359 moveri
207 1291 363 1359 videatur
375 1321 388 1360 t
410 1291 505 1358 cuius
531 1291 681 1359 artifices
703 1295 945 1364 automatarii
967 1293 1098 1361 dieun-

58 1415 116 1466 tur
139 1399 235 1490 apud
264 1401 406 1469 Gruter.
436 1402 547 1468 Inscr.
575 1424 612 1491 p.
635 1403 709 1468 656.
741 1424 772 1488 7.
804 1419 839 1468 et
867 1403 957 1468 Don.
985 1401 1123 1474 laser..

22 1530 95 1603 r·
115 1511 187 1595 517·
212 1534 243 1598 9·

105 1617 260 1704 Fegma‚
282 1636 335 1684 est
350 1615 507 1685 machina
526 1612 693 1705 quaedam
711 1613 844 1701 lignea.
868 1637 954 1704 quae
974 1628 1101 1701 sponte

27 1726 31 1745 '
58 1723 174 1789 statim
200 1741 391 1808 cresceret,
422 1721 535 1789 statim
568 1718 774 1791 subsideret.
818 1718 900 1791 Eius
924 1743 1002 1788 usus
1028 1735 1103 1786 erut

57 1830 98 1895 in
123 1829 262 1897 theatris
294 1850 329 1900 et
356 1831 480 1897 arenis.
512 1853 544 1896 v.
575 1829 670 1922 Lips.
699 1825 744 1896 de
768 1827 952 1927 Amphith.
979 1846 1103 1918 22.·,et
1160 1847 1163 1852 “
1199 1917 1202 1923 p

58 1938 145 2008 Intt.
163 1938 206 2002 ad
225 1938 373 2004 Phaedr.
390 1939 436 2007 V.
455 1959 486 2024 7.
504 1961 536 2024 7.
636 1973 638 1979 ·

29 2028 39 2094 i·
69 2094 74 2099 -
109 2045 170 2117 35,
216 2046 468 2124 Scrototorem
491 2044 513 2108 i.
539 2064 570 2109 e.
593 2045 654 2131 qui
674 2042 871 2110 venantium
892 2043 936 2110 ad
964 2046 1102 2134 princi·-

20 2154 23 2159 '
59 2169 144 2234 pem
167 2160 275 2212 vestes
300 2159 511 2209 excuterent.
533 2167 566 2212 v.
584 2143 691 2239 Vesp.
712 2163 764 2209 12.
787 2159 822 2209 et
844 2145 941 2235 Lips.
963 2142 1007 2210 ad
1026 2146 1103 2218 Ta
1154 2154 1160 2172 ²

65 2254 126 2319 cit.
150 2254 244 2319 Ann.
264 2247 325 2316 XI.
344 2268 398 2317 22.

108 2357 326 2437 Βιιύίίανίι,
350 2356 373 2419 i.
398 2379 427 2426 e.
452 2353 666 2426 deliberavit.
697 2360 770 2433 Cic.
798 2376 864 2449 pro
893 2358 995 2435 Raso·
1024 2355 1108 2428 Am·

31 2532 35 2545 ,
62 2472 117 2540 51·
163 2468 317 2541 Restat,
341 2477 383 2528 at
405 2465 471 2529 hoc
491 2465 718 2548 dabitemus,
741 2479 825 2532 ater
844 2467 1022 2540 Rosciam
1039 2487 1105 2532 oc

10 2616 21 2627 .
61 2576 208 2648 viderit.
230 2597 262 2642 v.
280 2572 434 2638 Gronov.
458 2567 501 2634 ad
519 2570 601 2640 Sen.
622 2572 716 2642 Suus.
735 2572 814 2643 VII.
836 2597 874 2664 p.
888 2571 942 2644 44.

10 2684 17 2749 .’
106 2682 293 2752 Adltibere
315 2678 491 2765 aliquem,
514 2693 565 2742 est
582 2677 632 2741 uti
656 2675 800 2744 consilio
828 2675 992 2760 alieuius,
1016 2698 1107 2747 con·

20 2800 31 2815 “
64 2795 176 2866 sulere
198 2790 359 2879 aliquem.
386 2786 459 2856 Cic.
477 2783 521 2851 ad
541 2786 619 2855 Div.
641 2784 705 2853 XI.
728 2807 760 2873 7.
799 2785 891 2853 Cum
913 2785 1108 2854 adhibuit·

10 2916 33 2997 ζ
64 2918 121 2980 sat
151 2899 247 2966 domi
276 2918 375 2962 meae
398 2895 529 2980 Lupus
554 2916 621 2963 me.
653 2915 686 2963 v.
719 2893 846 2964 Graev.
872 2889 926 2963 ad
960 2892 1033 2970 Cic.
1062 2887 1109 2994 etl

10 3038 12 3045 ·
64 3013 139 3082 Att.
158 3009 204 3074 X.
225 3027 275 3072 12.
1101 3065 1103 3070 .

10 3096 17 3133 ³
114 3116 177 3189 36.
224 3108 454 3197 Requireas,
477 3126 543 3218 pro
570 3131 760 3199 quaerens,
795 3109 1020 3215 compositum
1043 3124 1112 3203 pro
1223 3136 1226 3140 ·

10 3306 17 3311 -
62 3214 224 3306 simplici.

67 3322 175 3397 37
221 3321 290 3386 Pro
314 3318 600 3405 deprehenso,i.
625 3342 656 3390 e.
678 3335 842 3410 tanquam
859 3294 1128 3408 deprehensua

66 3451 101 3496 v.
126 3417 304 3488 notataad
325 3417 412 3503 Aug.
440 3419 491 3485 24.

10 3542 13 3551 ’
112 3536 157 3601 Ia
181 3529 456 3597 admirationem
473 3524 664 3612 formata,
686 3529 709 3594 i.
734 3553 765 3595 e.
797 3523 894 3595 vultu
924 3519 1114 3616 composito

10 3720 14 3727 Ι
66 3659 103 3710 et
120 3634 289 3706 formato
279 3658 317 3697 1n
336 3630 606 3702 admirationem.
636 3636 852 3701 Burmannus
858 3629 1029 3719 formata
1050 3629 1134 3700 mim
1232 3646 1234 3654 ’

63 3771 133 3819 nus
153 3749 241 3811 benc
264 3739 408 3828 exponit
429 3752 513 3807 ante
534 3741 730 3809 instructa.

64 3917 70 3923 ,
113 3850 279 3920 Arcessi.
324 3847 461 3934 Lipsius
485 3844 528 3910 ed
555 3847 667 3914 Tacit.
687 3849 783 3917 Anu.
808 3848 870 3915 XI.
898 3867 949 3936 29.
973 3844 1117 3921 verissi-

69 3987 126 4032 me
144 3958 224 4043 legit
244 3957 374 4020 arceri.
419 3956 550 4043 Nempe
576 3951 702 4018 milites
719 3976 796 4020 eum
821 3952 916 4019 adire
934 3950 1118 4024 Claudium

73 4068 341 4168 prohibuerunt.
