2580 4942
378 328 716 401 causali.
1067 334 1091 403 5

92 514 284 583 Divinitas
304 530 356 580 ost
373 537 436 602 per
459 511 721 592 divinationem,
745 512 1008 586 cum-instinctu
1022 518 1078 584 as-

46 624 206 715 flatuquo
229 622 346 692 divino
363 618 411 683 sic
429 617 543 682 futura
559 614 754 706 praedicas,
777 633 816 683 ut
833 622 985 706 nescias,
1007 646 1080 690 un·

48 726 94 795 dc
123 729 221 794 scias.
261 722 380 818 'Quod
411 725 471 816 qui
500 723 659 806 faciunt,
690 723 810 792 divini
828 719 1014 797 dicuntur.
1046 756 1087 798 v.

53 834 127 901 Cic.
141 832 194 898 ‘ad
209 833 281 899 Ao.
300 832 344 900 X.
359 834 390 902 4.
410 848 444 896 ct
455 831 506 895 ibi
525 831 648 898 Gracv.
675 831 890 918 Conjecturo
908 851 977 917 est,
999 858 1080 900 ‚cum

55 966 94 1008 cx
111 943 234 1008 caussis
260 956 338 1005 ante
364 937 524 1023 cognitis,
555 932 640 1023 quid
663 935 815 999 futurum
837 935 905 1019 sit,
935 939 1078 1027 praedi-

58 1071 121 1117 cas.
145 1048 218 1114 Cic.
243 1044 286 1110 dc
303 1045 377 1113 Div.
396 1047 441 1111 Π.
465 1068 514 1111 11.
528 1040 779 1128 artificiosum
801 1040 993 1112 divinandi
1007 1069 1077 1134 ge-

61 1179 121 1220 nus
143 1165 286 1219 constat
303 1152 448 1235 partim
468 1173 510 1214 cx
532 1151 758 1239 conjecturo,
775 1152 918 1237 partim
944 1177 986 1217 ex
1014 1153 1080 1218 ob·
1148 1191 1156 1208 ·

61 1262 251 1329 servatione
277 1258 465 1323 diuturno.
488 1278 520 1322 v.
545 1252 687 1319 Casauh.
711 1270 745 1320 ct
769 1256 905 1329 Emesa.
929 1257 972 1322 ad
995 1258 1031 1325 h.
1053 1256 1078 1324 l.·

96 1369 300 1438 Vincercnt.
345 1362 405 1426 Est
432 1354 577 1424 formula
607 1357 738 1456 aliquid
768 1359 989 1432 concedentis
1014 1362 1084 1455 pcr'

65 1474 147 1542 iram.
171 1473 313 1534 Terent.
336 1462 450 1532 Andr.
475 1488 505 1530 v.
527 1467 558 1531 3.
588 1467 816 1533 micaria
848 1471 919 1535 uhi·
940 1490 973 1536 v.
1003 1472 1077 1536 Do-

68 1595 125 1643 nat.
146 1577 267 1642 Caesar
288 1568 332 1636 dc
358 1573 396 1638 B.
419 1570 463 1637 G.
487 1571 531 1638 V.
554 1573 606 1638 50.
627 1572 789 1655 vincite,
822 1578 855 1641 si
877 1578 931 1642 ita
954 1576 1078 1647 vultis.

67 1708 94 1754 v.
114 1683 253 1755 casaub,
276 1675 319 1743 ad
342 1676 378 1742 h.
400 1674 424 1742 l.

106 1792 178 1859 Sibi
202 1788 395 1882 boberont,
416 1784 440 1847 i.
457 1807 487 1850 c.
505 1781 633 1850 salvum
646 1803 681 1852 ct
694 1786 889 1855 incolumen
910 1790 977 1854 suis
990 1813 1079 1879 prc-

73 1897 149 1962 cibus
170 1894 351 1960 haberent.
384 1888 467 1954 ·Hac
495 1912 631 1984 quoque
653 1893 797 1959 formula
819 1907 985 1976 utuntur,
1018 1896 1081 1989 qui

10 1980 12 2003 Ι
74 2002 173 2092 quid
163 2016 251 2066 1rato
278 1998 391 2063 animo
414 1995 620 2074 concedunt.
654 2001 795 2067 Terent.
820 2000 931 2067 Andr
955 2004 1077 2070 IV.1.
1123 2078 1126 2083 ⁴

74 2114 113 2178 25.
131 2110 271 2177 habeas.
302 2105 364 2169 ubi
384 2124 425 2170 v.
453 2104 575 2172 Donat.
598 2105 651 2170 Ib.
674 2105 718 2174 V
743 2108 773 2174 5
800 2107 851 2173 18.
897 2108 974 2176 Jmo
1003 2111 1077 2177 lon

75 2218 156 2285 leot.-
177 2219 326 2283 voleat.-
348 2213 452 2278 vivat
475 2235 556 2277 cum
580 2213 654 2277 illo.

107 2327 214 2391 Tanto
235 2343 351 2411 opere.
396 2319 472 2384 Pro·
485 2330 691 2402 tantopere,
725 2334 961 2411 quantopere,
994 2348 1079 2390 mn

73 2450 206 2515 gnopcre
226 2447 325 2515 saepe
340 2421 474 2489 divisim
487 2420 670 2505 scribitur,
691 2424 790 2492 tanto
810 2450 935 2515 opere,
960 2454 1077 2518 quon-

75 2545 101 2596 to
115 2556 232 2622 opere,
256 2551 383 2616 magno
407 2549 521 2614 opere.
545 2549 577 2593 ν.
601 2530 724 2597 Graev.
749 2530 791 2597 ad
814 2533 850 2599 h.
876 2535 900 2601 l.
1010 2558 1014 2565 ·
1068 2519 1073 2528 ’

108 2639 302 2726 optimates
315 2650 419 2714 suut,
445 2633 504 2724 qui
525 2635 668 2724 optimas
688 2655 824 2726 partes,
847 2639 871 2709 i.
888 2664 919 2706 e.
943 2630 1078 2710 senatus

73 2741 101 2804 in
111 2743 282 2834 republica
302 2757 513 2830 sequuntur:
539 2763 623 2831 quos
642 2739 763 2808 Cicero
780 2766 880 2833 saepe
894 2746 997 2811 ctiam
1013 2727 1078 2813 boss

74 2868 121 2915 nos
139 2847 298 2942 appellat.
353 2848 585 2937 Optimatibus
617 2858 841 2936 opponuntur
867 2834 1077 2940 populares,

10 3032 12 3045 Ι
74 2957 120 3046 qui
133 2957 242 3049 plebis
264 2973 378 3046 partes
396 2972 599 3047 sequuntur.
631 2950 701 3016 Hac
724 2951 907 3038 factiones,
932 2955 974 3023 de
994 2959 1077 3049 qui?

72 3054 121 3126 bus
138 3061 291 3128 classicus
312 3059 406 3126 locus
428 3078 478 3126 cst
500 3054 675 3128 Ciceronis
695 3083 761 3149 pro
782 3060 898 3129 Sextio
921 3065 973 3132 4¹5.
999 3089 1075 3131 om-

10 3178 12 3191 '
71 3183 119 3233 nos
138 3170 284 3267 propc'¹
281 3167 487 3250 seditiones,
514 3168 638 3258 quib'us
669 3167 864 3255 respublica
887 3168 1076 3254 laboravit,

71 3273 267 3356 excitarunt,
289 3296 328 3338 ac
342 3273 506 3342 demum
496 3298 604 3364 ipsam
625 3272 901 3367 rempublicam
890 3299 928 3339 ln
942 3296 1075 3364 per-pe

10 3388 12 3397 '
72 3385 148 3445 tuum
169 3322 412 3470 perdiderunt.
444 3403 474 3448 v.
498 3381 611 3467 Sigon.
631 3378 675 3447 da
694 3396 764 3447 ant.
785 3382 862 3447 iure
883 3380 956 3446 Civ.
977 3380 1076 3446 Rom.

71 3473 104 3546 Π
122 3507 168 3554 or.
258 3516 263 3524 ·
339 3514 342 3521 ·

106 3593 250 3663 Gooaon‘
261 3599 388 3662 multos
396 3597 536 3663 Marios
557 3600 691 3678 inesse,
707 3596 731 3666 i.
748 3617 779 3661 c.
796 3589 971 3676 ingenium
984 3591 1075 3658 Cnc⁴

71 3698 124 3761 sari
144 3715 260 3789 aptum
281 3721 350 3765 esse
370 3701 509 3768 factioni
532 3701 711 3793 populari,
734 3696 794 3765 sed
812 3696 920 3765 multo
936 3698 1077 3778 sorios,

71 3815 154 3882 quam
173 3808 250 3894 ipso
275 3806 403 3872 Marius
433 3807 612 3888 habuerit,
650 3824 688 3873 ut
711 3808 800 3885 benc
831 3803 980 3927 explicat
1004 3804 1091 3870 (ra-‘¹

71 3905 149 3974 laub.
167 3911 314 3977 Morsus
339 3914 509 3999 significat
539 3915 688 3980 animum
716 3913 805 3983 vel
796 3912 970 3998 rngaui'um
994 3911 1076 3976 Ma*

70 4002 216 4089 fiscum.
235 4017 364 4109 Magna
389 4045 470 4094 vcro
493 4022 545 4093 ris
561 4037 612 4091 est
638 4023 677 4087 in
707 4018 907 4091 nemoribus
926 4013 1079 4106 propriis

108 4146 112 4161 ·
610 4125 686 4199 Αό
1030 4122 1080 4188 sic
