2632 4974
443 96 868 223 tususrus
1117 129 1180 226 sq

132 288 409 429 «iunctorum
415 300 648 390 imaginibus.
690 304 899 404 Suetonius,
892 305 1178 399 proprietatis,

132 410 183 501 pi
175 414 282 513 quis
287 399 393 492 nlius,
405 398 619 511 studiosus,
629 404 689 477 hic
711 412 824 478 minus
843 411 988 533 proprie
1008 408 1178 502 loquitur.

131 511 214 591 Νοιι
238 517 333 600 enim
352 515 522 601 senatoria
543 500 723 603 dignitas
713 541 766 595 tus
790 501 947 605 imaginis
966 517 1092 603 dabat,
1114 519 1177 590 sed
1230 588 1235 609 ,

131 606 293 712 aedilitas
309 618 460 726 curulis,
478 636 513 689 et
533 623 638 687 ceteri
647 624 867 725 magistratus
885 627 1041 721 maiores.
1067 629 1180 699 Ειιιι1

131 750 247 841 autem
266 718 477 833 imqgt'ne's
487 710 668 796 simulacra
683 730 866 819 maiorum
900 710 1029 799 affabre
1058 734 1178 823 facta,

133 863 243 956 quae
248 838 368 941 titulis
379 835 636 929 magistratuum
658 846 696 927 el
718 810 971 932 triumphorum
997 829 1177 931 ornaban7

133 930 227 1038 lur,
239 965 276 1047 et
301 949 341 1014 in
366 943 550 1012 celebriori
572 921 696 1013 domus
723 961 824 1038 parte
850 918 1121 1038 collocabantur.
1143 969 1176 1017 v.

131 1057 264 1153 Polyb.
275 1055 335 1131 VI
353 1056 408 1122 51.
430 1019 519 1124 Plin.
537 1030 604 1140 Η,
603 1054 649 1120 Ν
666 1053 813 1145 XXXV.
833 1077 861 1120 ι.
904 1033 958 1120 Ex
978 1053 1062 1122 his
1051 1055 1177 1177 inpagi-

133 1164 237 1230 nibus
262 1161 425 1229 nobilitas
447 1155 672 1239 censebatur,
695 1174 730 1223 et
754 1182 823 1247 quo
840 1159 957 1248 plures
981 1161 1059 1251 quis
1083 1161 1177 1254 ima-5

131 1271 227 1364 gines
255 1268 421 1352 haberet,
443 1290 485 1335 eo
514 1260 665 1349 nobilior
692 1260 897 1332 habebatur.
920 1291 952 1341 ιι,
978 1267 1106 1354 Sigon.
1131 1269 1178 1337 (lc

132 1390 200 1442 ant.
240 1377 309 1443 iur.
344 1379 383 1444 C,
414 1377 457 1441 R.
485 1354 544 1445 ΙΙ.,
563 1391 615 1443 20.
659 1383 696 1447 et
725 1391 824 1465 quos
853 1367 972 1467 laudat
1010 1375 1177 1467 Ernestus

134 1480 227 1571 Clav,
251 1485 326 1558 Cic.
349 1510 380 1554 v.
403 1461 582 1569 Imago.

133 1588 222 1661 A
243 1591 433 1674 matre‚i.
460 1615 490 1659 e.
515 1608 580 1680 per
606 1599 761 1649 Ιιιιῐιθιιιι
1148 1645 1150 1648 ,

157 1698 398 1789 Τιιόοιιιιιιη
435 1694 648 1789 exercuisse.
699 1691 881 1787 Exeruere
907 1716 984 1762 rem
1014 1659 1177 1789 aliquane

86 1804 91 1820 '
123 1775 299 1892 licini,
308 1807 372 1897 qui
391 1804 436 1873 in
454 1829 495 1874 ea
507 1779 667 1871 versatur
688 1779 848 1888 quaestus
869 1795 1025 1870 faciundi
1049 1827 1175 1874 caussa.

133 1886 174 1976 tle
197 1910 353 1979 Gramm.
376 1915 429 1980 25.
452 1933 534 1978 cum
565 1892 603 1972 et
633 1905 793 1993 officinam
804 1911 1089 1995 promentium
1107 1937 1175 1979 oe-

134 2021 245 2089 etium
275 2031 509 2096 exerceret.
523 2014 581 2080 Sic
606 2012 682 2080 ICti
710 2013 834 2084 dicunt
858 2039 1003 2102 navem,
1033 2022 1177 2108 ccupas·

134 2149 235 2212 nam,
242 2131 449 2225 stabulum
466 2134 642 2193 exercere

85 2296 92 2309 ,
171 2210 291 2320 Suc,
281 2260 359 2303 ue.
383 2235 438 2303 his
466 2232 592 2307 verbis.

85 2312 143 2401 l
175 2343 377 2425 Taxat,i.
409 2365 439 2409 e.
462 2335 738 2434 reprehendit
748 2340 809 2406 Est
835 2338 1126 2436 frequentativum
1155 2370 1176 2411 a

85 2404 95 2527 l
138 2460 305 2545 tangere,
336 2443 397 2514 scd
420 2467 540 2511 aureae
564 2445 681 2512 aetatis
711 2445 941 2535 scriptoribus
967 2469 1038 2514 non
1062 2451 1173 2517 usita-

85 2567 215 2639 {Mum

85 2590 94 2733 l
172 2646 347 2731 Materna
379 2659 448 2728 tibi
485 2673 575 2755 cte„
606 2659 630 2724 i.
664 2683 694 2725 e.
726 2671 836 2721 mater
873 2671 931 2722 tua
957 2673 1009 2724 est
1037 2660 1176 2749 pistoris

85 2738 219 2832 lilia.

139 2873 286 2941 Hanc
296 2871 415 2960 finxit
436 2889 508 2957 ete,
531 2889 646 2964 pater
651 2891 728 2942 tuus
746 2889 796 2940 est
817 2867 1041 2938 numularius.

85 3006 91 3047 ῑ
173 2980 324 3063 Finxit,
347 2980 371 3046 i.
396 3006 426 3048 e.
455 2984 631 3066 tractavit,
654 2984 798 3068 subegit.
843 2983 1004 3066 Fungere
1031 2984 1176 3072 proprie

84 3078 92 3123 ³
138 3069 296 3152 dicuutur
322 3085 492 3172 pistores,
528 3110 606 3153 cum
640 3089 723 3176 pani
750 3085 804 3154 vel
835 3083 1003 3178 placentis
1033 3085 1178 3171 figuram

84 3184 225 3285 §.dant
250 3190 354 3264 Ovid.
376 3193 466 3258 Fast.
483 3193 543 3259 III.
568 3197 642 3278 670.
675 3196 858 3281 Fingebat
878 3195 1032 3259 tremulo
1054 3199 1175 3262 rusti·

84 3332 86 3337 ·
140 3302 269 3367 ooliba
300 3324 421 3366 manu.
446 3297 612 3388 Calpurn.
639 3301 716 3368 Ecl.
735 3303 778 3369 ΙΙ.
802 3303 855 3369 65.
878 3314 916 3366 et
932 3301 1081 3408 fingere
1103 3305 1176 3372 liba

84 3276 89 3473 l
134 3408 285 3495 Priapo·-
308 3430 340 3475 v.
363 3408 509 3479 Casaub.
533 3405 637 3474 adh.
660 3408 686 3476 l.

181 3509 360 3600 collybus,
383 3529 435 3578 est
454 3528 526 3576 tum
541 3509 578 3576 id
596 3510 725 3600 ,quod
749 3534 815 3632 pro
835 3513 1003 3603 pecuniae
1027 3538 1174 3602 permu-

144 3616 261 3684 tatione
285 3621 478 3719 argentario
502 3617 665 3701 solvitur,
689 3635 762 3705 tuin
790 3618 866 3705 ipsa
888 3622 1056 3709 pecuniae
1085 3649 1173 3693 con-

83 3763 86 3785 ι
142 3727 314 3794 1ιιιιιιίο,
350 3726 445 3794 unde
477 3726 538 3826 qui
562 3724 711 3816 pecunia
735 3695 963 3813 permutanda
996 3749 1176 3819 quaestum

83 3796 234 3918 lfacit,
257 3832 455 3922 collybistee
474 3851 625 3903 vocatur.
643 3858 676 3906 ι.
694 3829 834 3901 Salmas.
857 3828 900 3899 tle
921 3831 1022 3900 Usur.
1047 3859 1084 3926 p.
1075 3838 1174 3926 ‚497,

1090 3944 1173 4011 De-
