2580 4942
526 283 799 358 NERO.
1120 295 1182 381 527

85 530 87 533 ,
181 477 293 556 Sane,
317 471 447 537 ironiae
464 469 584 559 servit.
619 471 764 537 Terent.
788 468 879 536 Eun.
906 471 930 537 I.
952 493 982 538 a.
1002 498 1033 562 9.
1060 476 1174 563 Sane,

135 583 225 667 quia
248 583 315 645 liae
337 580 430 644 milri
445 592 579 666 patent
603 601 743 665 semper
754 577 871 664 fores.

177 687 314 770 Legem
340 689 497 766 Iuliam',
527 687 596 750 sive
621 684 839 768 Corneliam,
875 710 892 749 a
916 682 1004 751 lulio
1032 688 1175 754 Caesare

131 793 336 882 repetitam,
361 791 405 859 de
428 795 589 876 Sicariis,
614 790 717 858 cuius
729 816 810 880 pars
832 791 898 859 luit
922 788 966 858 ‹lc
989 795 1175 862 veneficiis.

133 923 168 967 v.
195 900 331 964 Ernest.
357 901 400 965 ad
424 902 458 967 h.
480 902 504 968 l.

123 1054 127 1061 -
182 1005 241 1082 34,
287 1010 467 1090 Militum,
491 1007 566 1073 scil.
590 1008 898 1072 Praetorianorum.
944 1002 1179 1103 Nam'duplex
1246 999 1248 1003 ,

131 1107 290 1196 Principi
316 1108 467 1173 custodia
487 1126 584 1189 erat,
617 1108 829 1173 Praetoriani
848 1107 989 1192 milites,
1019 1127 1055 1176 et
1081 1114 1177 1193 Ger·
1266 1176 1270 1187 ,

130 1215 246 1295 mani,
278 1213 331 1280 vel
358 1216 472 1304 potius
494 1214 621 1282 Batavi.
652 1240 682 1284 v.
710 1217 821 1281 Tacit.
847 1211 975 1282 Annal.
1000 1215 1095 1283 XIII.
1123 1219 1172 1285 18.

95 1385 98 1391 .
129 1338 165 1386 et
185 1323 236 1386 ibi
260 1322 357 1409 Lips
1169 1326 1171 1330 ⁴

176 1431 306 1518 Neque
336 1429 529 1517 quiequam
556 1430 663 1514 pensi
684 1429 839 1511 habuit,
878 1430 900 1495 i.
920 1451 949 1493 e.
972 1423 1061 1490 nihil
1086 1450 1173 1518 per·-

129 1536 275 1627 pcudit,
310 1536 396 1603 nihil
426 1535 567 1599 curavit.
628 1531 766 1600 Sallust.
804 1533 904 1600 Catil.
935 1536 967 1600 5.
992 1534 1175 1611 ,ariarathi

132 1669 284 1731 regnum
297 1653 476 1730 pararet,
499 1639 599 1729 niltil.
605 1643 716 1726 pensi
728 1641 906 1724 ‘habebat‚
939 1640 1001 1705 ubi
1020 1665 1051 1706 v.
1074 1642 1170 1710 Cart.

104 1751 261 1816 uomit.
311 1771 343 1813 2.
380 1745 476 1813 ntttt
497 1746 608 1831 pensi
634 1747 784 1833 haberit,
821 1751 906 1836 quin
922 1749 1166 1834 praedaretur

131 1858 227 1922 ouini
249 1856 361 1919 molo.
711 1869 713 1874 ’

146 1976 150 1984 ’
178 1961 484 2048 Coufirmaretur,
508 1961 531 2026 i.
551 1984 580 2028 e.
604 1959 736 2026 animus
758 1965 788 2028 ei
808 1961 1005 2031 adderetur.

174 2070 398 2156 Exagitari,
421 2070 444 2132 i.
464 2094 493 2134 e.
516 2067 723 2156 inquietari,
749 2070 881 2136 terreri.
907 2072 979 2138 Cic.
996 2096 1060 2159 pro
1070 2063 1170 2141 Rosc-

129 2175 319 2245 Ame1·.,24.
350 2174 550 2257 videtisne,
575 2186 617 2239 ut
637 2195 695 2236 eos
720 2176 865 2260 agitent
886 2181 1057 2248 Furiae?
1079 2184 1169 2249 Pro·

126 2299 217 2371 pert.
240 2281 283 2344 ΙΙ.
318 2302 348 2361 7·
367 2281 418 2345 81.
451 2281 629 2364 Exagitet
662 2294 803 2346 nostros
837 2306 981 2370 manes,
1012 2301 1172 2361 sectetur
1280 2367 1282 2371 Α

130 2390 354 2456 adumbrat.
387 2408 420 2450 v.
436 2383 567 2450 ‘Mar-kt
591 2383 634 2448 ad
661 2387 746 2452 Stat.
764 2389 846 2456 silv.
866 2393 980 2461 111.··5.
1002 2399 1051 2464 15.

118 2557 122 2564 .
174 2499 336 2565 Evocare
358 2516 491 2558 manes.
537 2495 681 2573 Veteres
703 2497 1034 2568 certiscarminibus
1056 2529 1172 2573 manes

130 2609 173 2673 ab
196 2601 496 2683 inscendebant,
520 2619 623 2691 atque
644 2625 684 2667 ex
707 2600 773 2666 illis
793 2599 908 2670 sutura
928 2610 1169 2698 exquirebant.

131 2711 236 2781 Ovid.
257 2712 375 2777 Amor.
394 2709 421 2773 I.
442 2708 474 2774 8.
498 2731 548 2792 ιγ.
581 2709 719 2775 Evocat
740 2711 904 2797 antiquis
917 2737 1068 2800 proavos
1082 2733 1172 2786 ata·
1196 2751 1200 2763 ·

130 2842 258 2906 uosque
283 2817 471 2902 sepulcris.
505 2814 638 2880 Tihrrll.
660 2815 688 2881 I.
708 2837 737 2881 2.
759 2817 813 2883 45.
836 2840 1027 2905 manesque
1047 2827 1171 2909 sepul.
1205 2886 1207 2891 ,

129 2928 205 2991 cris
235 2925 374 3008 Elicit,
410 2938 448 2994 et
478 2923 599 3014 tepido
629 2923 776 2991 derooat
807 2947 888 2990 ossa
918 2947 1015 3012 rogo.
1050 2930 1111 2996 ubi
1139 2955 1173 3007 v.

131 3033 322 3101 Broukhus.
617 3098 621 3105 ,
1137 3074 1140 3079 ·

178 3143 225 3210 Ut
247 3145 400 3225 assolet,
436 3139 510 3208 scil.
536 3140 635 3227 fieri.
693 3140 767 3208 Liv.
788 3140 846 3211 VI.
870 3139 923 3213 54.
951 3162 1095 3227 parva,
1127 3159 1171 3215 ut

125 3251 339 3337 plerumque
367 3249 478 3332 solet,
513 3273 589 3315 rem
621 3248 805 3333 ingentem
836 3247 1011 3314 moliundi
1041 3274 1172 3317 caussa

130 3361 333 3425 interuenit.
365 3358 427 3424 ubi
450 3380 482 3424 vs
501 3353 675 3422 Drakenb.

177 3464 238 3535 35.
274 3463 347 3530 Sub
378 3465 527 3530 crimine
551 3463 827 3528 adulteriorum.
874 3463 1085 3552 Praepositio
1105 3465 1171 3532 sub

128 3563 301 3646 significat
322 3579 539 3657 praetextum
556 3581 591 3629 et
612 3563 782 3650 speciem,
807 3584 910 3649 quam
931 3564 980 3627 rei
1002 3563 1169 3630 obtendi-

128 3694 214 3737 mus.
261 3672 363 3737 Ovid.
387 3671 474 3735 Fast.
500 3671 559 3736 Vl.
582 3670 657 3739 645.
689 3670 796 3757 Haec
817 3682 977 3756 aequata
1001 3673 1071 3736 solo
1090 3684 1172 3756 est,¹

128 3782 222 3846 nullo
242 3780 305 3843 sub
327 3780 477 3844 crimine
499 3779 615 3862 regni.
647 3779 787 3843 Petroo.
812 3779 863 3864 95.
885 3798 949 3841 uos
969 3799 1088 3843 omnes
1104 3778 1170 3843 sub
1192 3860 1196 3865 Ι

126 3888 252 3952 eadem
274 3910 406 3950 caussa
426 3885 561 3949 obruet.
598 3883 659 3947 ubi
681 3909 712 3949 r.
735 3887 853 3951 Burm.
911 3885 1049 3949 Poterat
1068 3874 1169 3949 etiam

129 3994 165 4061 h.
179 3991 202 4059 l.
227 3992 342 4060 abesse
356 3991 585 4080 praepositiO,
609 4005 646 4056 ut
664 4018 719 4085 ap.
740 3991 967 4079 Quinctiliau.
982 3989 1078 4058 Deol.
1091 3995 1169 4078 579.

719 4099 797 4170 XI
1078 4107 1080 4113 '
1131 4119 1157 4184 p
