2580 4942
331 263 727 364 cosumus,
893 306 896 313 ·
997 322 1061 392 297

10 475 107 551 bona
125 481 261 575 pignori
284 477 479 568 capiuntur.
525 477 582 545 Sic
600 478 846 567 confiscatur,
869 482 964 551 cuius
987 486 1057 553 bo-

10 608 60 657 na
84 587 326 655 confiscantur.
371 584 441 655 Sed
461 585 549 652 forte
570 583 666 652 locus
683 588 819 656 vitiosus
841 608 903 660 est.

67 696 126 770 10,
170 696 366 776 Diaetam,
390 693 412 759 i.
433 718 463 759 e.
487 691 675 776 conclave,
709 695 941 767 coenaculum.
987 702 1057 771 Pro

10 797 140 864 diaeta
159 795 259 859 etiam
280 791 408 858 dicitur
431 806 522 858 reta.
546 793 678 881 Nempe
700 794 740 859 di
757 811 793 861 et
812 820 832 861 r
851 819 1057 886 permutan-

12 907 135 973 turin
162 903 300 971 Graecis
317 949 340 985 ,‚
360 915 400 966 ut
421 899 609 986 diabolas,
641 901 794 969 rabolns.
828 927 861 975 v.
891 908 975 977 Intt.
1011 911 1058 981 ad

11 1008 56 1082 Is}
75 1012 99 1080 l.
1054 1072 1056 1078 ,

59 1122 262 1203 Solarium,
285 1134 336 1183 est
357 1113 452 1183 locus
475 1116 537 1184 soli
566 1119 762 1208 expositus,
790 1137 926 1193 etanta
954 1125 1057 1195 aedes

14 1230 213 1321 proiectus,
229 1227 266 1290 in
285 1247 354 1314 quo
370 1224 519 1316 apricari
532 1222 699 1293 solebant.
723 1251 754 1297 v.
773 1227 911 1323 Ulpian.
935 1233 975 1300 L.
999 1259 1054 1325 17.

12 1340 58 1408 D.
83 1336 230 1403 deserv.
255 1333 334 1398 urb.
359 1328 479 1421 praed.
504 1348 539 1397 et
556 1330 692 1398 Ernest.
716 1333 800 1403 Exo.
823 1337 868 1404 ad
890 1339 926 1407 h.
948 1341 973 1408 l.

64 1447 268 1512 Praetenta
287 1437 435 1525 foribus
471 1441 564 1506 vela.
617 1441 710 1509 Haec
741 1441 816 1512 vela
846 1444 1054 1519 cubicularia

11 1550 181 1619 describit
213 1542 334 1612 Pollux
364 1546 408 1614 X.
442 1550 495 1617 52.
533 1571 566 1616 v.
603 1549 698 1636 Lips.
734 1548 777 1615 ad
813 1551 925 1619 Tacit.
959 1554 1055 1626 Anu.

10 1656 107 1728 XIII.
129 1659 162 1725 5.
310 1645 312 1648 ‚
944 1673 949 1696 ³

59 1757 291 1846 ¹Saccollore,
322 1779 373 1829 est
407 1760 495 1829 collo
527 1762 581 1833 vel
613 1766 803 1836 cervicibus
832 1781 972 1854 gestare.
994 1772 1056 1847 0-1
1094 1815 1097 1821 »

10 1879 108 1950 thon.
131 1879 162 1944 6.
187 1870 402 1939 succollatus
423 1870 474 1935 ad
484 1873 675 1959 principia
694 1873 845 1943 devenit.
1043 1886 1045 1891 ’

53 1984 302 2072 Pigneratns,
339 1979 361 2044 i.
390 2002 421 2045 e.
459 1977 612 2064 obligans
644 1978 737 2061 sibi,
772 1982 870 2071 quasi
902 1983 1054 2074 quodam

10 2091 168 2191 pignore.
193 2089 266 2155 Liv.
283 2083 410 2153 XXIV.
432 2108 461 2151 1.
483 2108 585 2166 cnm,
607 2084 709 2149 velut
726 2085 908 2159 obsidibus
925 2095 1054 2178 datis,
1113 2111 1117 2119 ’

10 2203 223 2291 pigneratos
254 2194 426 2262 haberent
460 2193 608 2259 animos.
654 2213 686 2257 v.
715 2191 832 2262 Heins.
864 2196 909 2262 ad
946 2196 1052 2268 Ovid.

10 2307 97 2381 Met.
119 2302 196 2372 VII.
219 2304 294 2369 621.

60 2413 120 2486 11,
166 2411 391 2496 Antiqaias,
414 2408 438 2474 i.
456 2433 487 2474 e.
509 2408 636 2499 potius.
659 2404 777 2477 Vitell.
798 2409 848 2476 15.
871 2409 968 2478 nihil
982 2400 1060 2480 sibi
1143 2393 1156 2416 ⁷

10 2514 199 2602 antiquins
224 2512 342 2599 quiete
359 2510 509 2596 publica
522 2507 621 2594 jore.
651 2510 757 2595 Vesp.
776 2509 808 2576 8.
837 2531 911 2593 per
936 2525 1054 2580 totum

10 2622 157 2709 imperii
184 2634 324 2706 tempas
348 2616 444 2681 nihil
459 2612 596 2680 habuit.
610 2615 811 2703 antiquius.
841 2639 874 2682 v.
898 2617 1057 2688 Gronov.

10 2724 54 2793 1111
77 2727 150 2794 Liv.
170 2726 198 2791 Ι.
221 2729 273 2794 52.
303 2725 499 2812 vAntiqans
519 2720 612 2789 idem
629 2741 701 2805 est,
725 2720 819 2810 quod
838 2727 983 2792 anticas
998 2727 1059 2793 si-,

10 2857 49 2903 ve
79 2835 196 2922 prior:
228 2827 322 2895 unde
355 2833 523 2919 antiqui,
552 2840 649 2923 'quos
680 2827 820 2898 eosdem
848 2846 882 2896 et
901 2836 1055 2919 priores

10 2956 143 3010 vocant.
198 2939 286 3004 Cum
315 2939 419 3023 igitur
447 2942 543 3008 nihil
566 2941 754 3027 antiquins
787 2961 864 3003 esse
895 2937 1053 3024 dicitur,

10 3047 98 3137 nihil
121 3045 285 3139 anteponi
307 3042 530 3132 significatur.
576 3045 633 3114 Sic
656 3044 819 3130 Heusing.
842 3043 887 3110 ad
910 3046 983 3115 Cic.
1005 3045 1052 3117 do

10 3156 77 3223 Off.
100 3159 128 3224 I.
153 3159 207 3225 45.

52 3264 172 3328 Simul
179 3310 188 3343 ,
212 3263 354 3350 ponitur
373 3285 438 3350 pro
465 3274 512 3326 et.
538 3259 612 3325 Liv.
633 3257 797 3328 XXVIII.
823 3263 1048 3352 511111110-
1156 3285 1157 3288 ’

10 3371 128 3436 vincia
167 3370 278 3433 simul
309 3369 449 3433 oirtnte
479 3380 515 3432 et
534 3365 721 3453 felicitate
753 3371 971 3455 perdomita.
1016 3396 1053 3440 v.

10 3477 89 3545 Intt.
122 3477 165 3544 ad
189 3479 262 3544 Liv.
286 3473 415 3542 XXVI.
435 3471 488 3541 43.
539 3473 719 3541 Interdum
746 3474 891 3542 iunctim
920 3476 1051 3544 dicitur

10 3589 188 3666 simulet,
213 3599 251 3647 ut
273 3581 366 3647 Caes.
391 3581 444 3665 67.
469 3580 579 3644 simul
595 3593 632 3645 et
654 3580 705 3643 ad
730 3585 905 3668 speciem,
927 3600 965 3652 et
983 3611 1052 3674 qao

10 3695 207 3758 tenaciores
231 3714 354 3756 eornm
375 3689 413 3755 in
424 3685 565 3773 proelio
588 3698 718 3751 essent.
742 3687 805 3751 ubi
827 3711 858 3754 v.
880 3707 1008 3756 notata.

47 3803 108 3871 Ab
129 3802 221 3866 avia.
266 3797 377 3886 Atqui
404 3793 546 3858 historia
572 3792 696 3878 docet,
723 3794 895 3880 Augustae
920 3820 1050 3882 cogno-

10 3926 83 3975 nen
109 3930 181 3971 non
206 3920 398 3970 recusatum
426 3925 539 3967 ossea
565 3902 671 3967 Livia.
718 3898 920 3988 Legendum
947 3902 1052 3988 igitur

10 4007 49 4082 le
74 4015 244 4084 verissIma
274 4005 468 4078 coniectura
498 4006 607 4092 Lipsii
634 4004 678 4071 ad
704 4008 814 4074 Tacit.
845 4006 940 4074 Ann-
965 4010 993 4076 Ι.
1017 4011 1048 4076 8.
1158 4029 1160 4033 ·

523 4116 554 4180 Τ
577 4116 599 4183 5
1004 4118 1051 4184 ab
