<?xml version="1.0" encoding="UTF-8"?>
<!DOCTYPE html PUBLIC "-//W3C//DTD XHTML 1.0 Transitional//EN"
    "http://www.w3.org/TR/xhtml1/DTD/xhtml1-transitional.dtd">
<html xmlns="http://www.w3.org/1999/xhtml" xml:lang="en" lang="en">
 <head>
  <title>
</title>
<meta http-equiv="Content-Type" content="text/html;charset=utf-8" />
  <meta name='ocr-system' content='tesseract 3.04.00' />
  <meta name='ocr-capabilities' content='ocr_page ocr_carea ocr_par ocr_line ocrx_word'/>
</head>
<body>
  <div class='ocr_page' id='page_1' title='image "./davruhnkeniisch00ruhngoog_0335.png"; bbox 0 0 2580 4942; ppageno 0'>
   <div class='ocr_carea' id='block_1_1' title="bbox 212 254 869 395">
    <p class='ocr_par' dir='ltr' id='par_1_1' title="bbox 212 254 869 395">
     <span class='ocr_line' id='line_1_1' title="bbox 212 254 869 395; baseline -0.005 -25"><span class='ocrx_word' id='word_1_1' title='bbox 212 254 279 371; x_wconf 67' lang='lat' dir='ltr'><strong>eno</strong></span> <span class='ocrx_word' id='word_1_2' title='bbox 515 288 869 395; x_wconf 71' lang='lat' dir='ltr'><strong>nnnc.</strong></span> 
     </span>
    </p>
   </div>
   <div class='ocr_carea' id='block_1_2' title="bbox 205 478 1265 1223">
    <p class='ocr_par' dir='ltr' id='par_1_2' title="bbox 218 478 1265 573">
     <span class='ocr_line' id='line_1_2' title="bbox 218 478 1265 573; baseline 0.011 -21"><span class='ocrx_word' id='word_1_3' title='bbox 218 483 347 554; x_wconf 85' lang='lat' dir='ltr'><strong>Graeci</strong></span> <span class='ocrx_word' id='word_1_4' title='bbox 373 478 498 548; x_wconf 87' lang='lat' dir='ltr'><strong>dicunt</strong></span> <span class='ocrx_word' id='word_1_5' title='bbox 526 484 636 573; x_wconf 68' lang='grc' dir='ltr'><strong><em>φωνὴν</em></strong></span> <span class='ocrx_word' id='word_1_6' title='bbox 658 482 815 568; x_wconf 70' lang='lat' dir='ltr'><strong>atram</strong></span> <span class='ocrx_word' id='word_1_7' title='bbox 842 496 878 549; x_wconf 88' lang='lat' dir='ltr'><strong>ct</strong></span> <span class='ocrx_word' id='word_1_8' title='bbox 904 486 1031 571; x_wconf 68' lang='grc' dir='ltr'><strong>λευκήν.</strong></span> <span class='ocrx_word' id='word_1_9' title='bbox 1052 508 1085 559; x_wconf 78' lang='lat' dir='ltr'><strong>v.</strong></span> <span class='ocrx_word' id='word_1_10' title='bbox 1117 488 1206 561; x_wconf 79' lang='lat' dir='ltr'><strong>Intt.</strong></span> <span class='ocrx_word' id='word_1_11' title='bbox 1225 484 1265 563; x_wconf 82' lang='lat' dir='ltr'><strong>ati</strong></span> 
     </span>
    </p>

    <p class='ocr_par' dir='ltr' id='par_1_3' title="bbox 205 688 1263 1223">
     <span class='ocr_line' id='line_1_3' title="bbox 269 688 1263 787; baseline 0.002 -16"><span class='ocrx_word' id='word_1_12' title='bbox 269 703 424 771; x_wconf 81' lang='lat' dir='ltr'><strong>Nullum</strong></span> <span class='ocrx_word' id='word_1_13' title='bbox 448 723 525 787; x_wconf 69' lang='lat' dir='ltr'><strong>ecee</strong></span> <span class='ocrx_word' id='word_1_14' title='bbox 557 711 780 786; x_wconf 72' lang='lat' dir='ltr'><strong>respectum,</strong></span> <span class='ocrx_word' id='word_1_15' title='bbox 815 699 840 768; x_wconf 87' lang='lat' dir='ltr'><strong>i.</strong></span> <span class='ocrx_word' id='word_1_16' title='bbox 866 724 897 769; x_wconf 77' lang='lat' dir='ltr'><strong>e.</strong></span> <span class='ocrx_word' id='word_1_17' title='bbox 928 688 1061 769; x_wconf 79' lang='lat' dir='ltr'><strong>nullam</strong></span> <span class='ocrx_word' id='word_1_18' title='bbox 1092 703 1263 779; x_wconf 69' lang='lat' dir='ltr'><strong>rationem</strong></span> 
     </span>
     <span class='ocr_line' id='line_1_4' title="bbox 213 805 1259 905; baseline -0.008 -24"><span class='ocrx_word' id='word_1_19' title='bbox 213 810 361 893; x_wconf 83' lang='lat' dir='ltr'><strong>haberi,</strong></span> <span class='ocrx_word' id='word_1_20' title='bbox 384 830 455 875; x_wconf 87' lang='lat' dir='ltr'><strong>non</strong></span> <span class='ocrx_word' id='word_1_21' title='bbox 473 807 587 893; x_wconf 80' lang='lat' dir='ltr'><strong>magni</strong></span> <span class='ocrx_word' id='word_1_22' title='bbox 611 807 700 873; x_wconf 86' lang='lat' dir='ltr'><strong>fieri.</strong></span> <span class='ocrx_word' id='word_1_23' title='bbox 744 805 803 874; x_wconf 87' lang='lat' dir='ltr'><strong>Sic</strong></span> <span class='ocrx_word' id='word_1_24' title='bbox 823 807 977 875; x_wconf 84' lang='lat' dir='ltr'><strong>Suetonii</strong></span> <span class='ocrx_word' id='word_1_25' title='bbox 998 824 1112 877; x_wconf 83' lang='lat' dir='ltr'><strong>aetate</strong></span> <span class='ocrx_word' id='word_1_26' title='bbox 1133 810 1259 905; x_wconf 76' lang='lat' dir='ltr'><strong>loqua-</strong></span> 
     </span>
     <span class='ocr_line' id='line_1_5' title="bbox 214 914 1261 1004; baseline 0.004 -21"><span class='ocrx_word' id='word_1_27' title='bbox 214 918 359 987; x_wconf 77' lang='lat' dir='ltr'><strong>bantur.</strong></span> <span class='ocrx_word' id='word_1_28' title='bbox 412 917 500 982; x_wconf 88' lang='lat' dir='ltr'><strong>Nam</strong></span> <span class='ocrx_word' id='word_1_29' title='bbox 526 934 658 985; x_wconf 84' lang='lat' dir='ltr'><strong>veteres</strong></span> <span class='ocrx_word' id='word_1_30' title='bbox 685 930 889 1004; x_wconf 71' lang='lat' dir='ltr'><strong>respectum</strong></span> <span class='ocrx_word' id='word_1_31' title='bbox 911 914 1077 983; x_wconf 81' lang='lat' dir='ltr'><strong>dicebant</strong></span> <span class='ocrx_word' id='word_1_32' title='bbox 1100 916 1201 1003; x_wconf 85' lang='lat' dir='ltr'><strong>rein,</strong></span> <span class='ocrx_word' id='word_1_33' title='bbox 1221 918 1261 989; x_wconf 70' lang='lat' dir='ltr'><strong>ael</strong></span> 
     </span>
     <span class='ocr_line' id='line_1_6' title="bbox 217 1006 1260 1119; baseline 0.002 -28"><span class='ocrx_word' id='word_1_34' title='bbox 217 1048 322 1119; x_wconf 83' lang='lat' dir='ltr'><strong>quam</strong></span> <span class='ocrx_word' id='word_1_35' title='bbox 345 1023 571 1112; x_wconf 85' lang='lat' dir='ltr'><strong>respicimus,</strong></span> <span class='ocrx_word' id='word_1_36' title='bbox 593 1029 631 1091; x_wconf 91' lang='lat' dir='ltr'><strong>in</strong></span> <span class='ocrx_word' id='word_1_37' title='bbox 659 1049 726 1116; x_wconf 89' lang='lat' dir='ltr'><strong>qua</strong></span> <span class='ocrx_word' id='word_1_38' title='bbox 750 1019 914 1088; x_wconf 88' lang='lat' dir='ltr'><strong>fiduciam</strong></span> <span class='ocrx_word' id='word_1_39' title='bbox 935 1036 970 1086; x_wconf 91' lang='lat' dir='ltr'><strong>et</strong></span> <span class='ocrx_word' id='word_1_40' title='bbox 988 1044 1091 1115; x_wconf 80' lang='lat' dir='ltr'><strong>rpem</strong></span> <span class='ocrx_word' id='word_1_41' title='bbox 1107 1006 1260 1093; x_wconf 82' lang='lat' dir='ltr'><strong>colloca-</strong></span> 
     </span>
     <span class='ocr_line' id='line_1_7' title="bbox 205 1128 1259 1223; baseline 0 -19"><span class='ocrx_word' id='word_1_42' title='bbox 205 1156 310 1219; x_wconf 83' lang='lat' dir='ltr'><strong>·mus,</strong></span> <span class='ocrx_word' id='word_1_43' title='bbox 331 1133 360 1199; x_wconf 82' lang='lat' dir='ltr'><strong>si</strong></span> <span class='ocrx_word' id='word_1_44' title='bbox 387 1152 442 1196; x_wconf 83' lang='lat' dir='ltr'><strong>res</strong></span> <span class='ocrx_word' id='word_1_45' title='bbox 464 1129 597 1215; x_wconf 80' lang='lat' dir='ltr'><strong>exigat:</strong></span> <span class='ocrx_word' id='word_1_46' title='bbox 622 1128 668 1198; x_wconf 91' lang='lat' dir='ltr'><strong>de</strong></span> <span class='ocrx_word' id='word_1_47' title='bbox 696 1156 763 1223; x_wconf 87' lang='lat' dir='ltr'><strong>qua</strong></span> <span class='ocrx_word' id='word_1_48' title='bbox 791 1131 885 1200; x_wconf 81' lang='lat' dir='ltr'><strong>vocis</strong></span> <span class='ocrx_word' id='word_1_49' title='bbox 908 1144 1079 1219; x_wconf 76' lang='lat' dir='ltr'><strong>potestate</strong></span> <span class='ocrx_word' id='word_1_50' title='bbox 1111 1156 1147 1203; x_wconf 80' lang='lat' dir='ltr'><strong>v.</strong></span> <span class='ocrx_word' id='word_1_51' title='bbox 1167 1134 1259 1204; x_wconf 80' lang='lat' dir='ltr'><strong>Gro-</strong></span> 
     </span>
    </p>
   </div>
   <div class='ocr_carea' id='block_1_3' title="bbox 215 1235 1258 1435">
    <p class='ocr_par' dir='ltr' id='par_1_4' title="bbox 215 1235 1258 1435">
     <span class='ocr_line' id='line_1_8' title="bbox 215 1235 967 1311; baseline -0.008 0"><span class='ocrx_word' id='word_1_52' title='bbox 215 1262 296 1311; x_wconf 81' lang='lat' dir='ltr'><strong>nov.</strong></span> <span class='ocrx_word' id='word_1_53' title='bbox 315 1237 360 1306; x_wconf 81' lang='lat' dir='ltr'><strong>ad</strong></span> <span class='ocrx_word' id='word_1_54' title='bbox 380 1240 455 1306; x_wconf 91' lang='lat' dir='ltr'><strong>Liv.</strong></span> <span class='ocrx_word' id='word_1_55' title='bbox 476 1235 574 1305; x_wconf 86' lang='lat' dir='ltr'><strong>XXI.</strong></span> <span class='ocrx_word' id='word_1_56' title='bbox 597 1238 651 1307; x_wconf 75' lang='lat'><strong>44.</strong></span> <span class='ocrx_word' id='word_1_57' title='bbox 674 1257 708 1307; x_wconf 90' lang='lat' dir='ltr'><strong>et</strong></span> <span class='ocrx_word' id='word_1_58' title='bbox 726 1241 799 1309; x_wconf 77' lang='lat' dir='ltr'><strong>Inte</strong></span> <span class='ocrx_word' id='word_1_59' title='bbox 820 1238 862 1305; x_wconf 87' lang='lat' dir='ltr'><strong>ad</strong></span> <span class='ocrx_word' id='word_1_60' title='bbox 888 1239 924 1306; x_wconf 90' lang='lat' dir='ltr'><strong>h.</strong></span> <span class='ocrx_word' id='word_1_61' title='bbox 942 1238 967 1306; x_wconf 91' lang='lat' dir='ltr'><strong>l.</strong></span> 
     </span>
     <span class='ocr_line' id='line_1_9' title="bbox 259 1344 1258 1435; baseline 0 -23"><span class='ocrx_word' id='word_1_62' title='bbox 259 1353 385 1435; x_wconf 66' lang='grc' dir='ltr'>Νόμαν,</span> <span class='ocrx_word' id='word_1_63' title='bbox 406 1346 430 1413; x_wconf 93' lang='lat' dir='ltr'><strong>i.</strong></span> <span class='ocrx_word' id='word_1_64' title='bbox 453 1369 483 1413; x_wconf 93' lang='lat' dir='ltr'><strong>e.</strong></span> <span class='ocrx_word' id='word_1_65' title='bbox 507 1367 664 1430; x_wconf 85' lang='lat' dir='ltr'><strong>carmen,</strong></span> <span class='ocrx_word' id='word_1_66' title='bbox 691 1344 734 1412; x_wconf 88' lang='lat' dir='ltr'><strong>ad</strong></span> <span class='ocrx_word' id='word_1_67' title='bbox 755 1344 875 1413; x_wconf 89' lang='lat' dir='ltr'><strong>modos</strong></span> <span class='ocrx_word' id='word_1_68' title='bbox 898 1345 1051 1412; x_wconf 77' lang='lat' dir='ltr'><strong>citharae</strong></span> <span class='ocrx_word' id='word_1_69' title='bbox 1072 1358 1258 1419; x_wconf 82' lang='lat' dir='ltr'><strong>cantatum.</strong></span> 
     </span>
    </p>
   </div>
   <div class='ocr_carea' id='block_1_4' title="bbox 41 1449 995 1544">
    <p class='ocr_par' dir='ltr' id='par_1_5' title="bbox 41 1449 995 1544">
     <span class='ocr_line' id='line_1_10' title="bbox 41 1449 995 1544; baseline 0.005 -28"><span class='ocrx_word' id='word_1_70' title='bbox 41 1464 51 1483; x_wconf 85' lang='lat'><em>&#39;</em></span> <span class='ocrx_word' id='word_1_71' title='bbox 90 1490 93 1495; x_wconf 95' lang='lat'>·</span> <span class='ocrx_word' id='word_1_72' title='bbox 214 1478 249 1544; x_wconf 63' lang='lat' dir='ltr'><strong>y.</strong></span> <span class='ocrx_word' id='word_1_73' title='bbox 272 1455 412 1523; x_wconf 88' lang='lat' dir='ltr'><strong>Salmas.</strong></span> <span class='ocrx_word' id='word_1_74' title='bbox 433 1449 478 1517; x_wconf 89' lang='lat' dir='ltr'><strong>ad</strong></span> <span class='ocrx_word' id='word_1_75' title='bbox 497 1453 684 1543; x_wconf 84' lang='lat' dir='ltr'><strong>Capitolin.</strong></span> <span class='ocrx_word' id='word_1_76' title='bbox 707 1455 759 1522; x_wconf 90' lang='lat' dir='ltr'><strong>M.</strong></span> <span class='ocrx_word' id='word_1_77' title='bbox 774 1453 943 1521; x_wconf 89' lang='lat' dir='ltr'><strong>Antonin.</strong></span> <span class='ocrx_word' id='word_1_78' title='bbox 962 1474 995 1542; x_wconf 88' lang='lat'><strong>7.</strong></span> 
     </span>
    </p>
   </div>
   <div class='ocr_carea' id='block_1_5' title="bbox 201 1558 1285 2624">
    <p class='ocr_par' dir='ltr' id='par_1_6' title="bbox 215 1558 1257 1742">
     <span class='ocr_line' id='line_1_11' title="bbox 260 1558 1257 1654; baseline 0 -23"><span class='ocrx_word' id='word_1_79' title='bbox 260 1562 508 1641; x_wconf 78' lang='lat' dir='ltr'><strong>Subbibieeet,</strong></span> <span class='ocrx_word' id='word_1_80' title='bbox 530 1559 554 1627; x_wconf 87' lang='lat' dir='ltr'><strong>i.</strong></span> <span class='ocrx_word' id='word_1_81' title='bbox 581 1584 611 1627; x_wconf 92' lang='lat' dir='ltr'><strong>e.</strong></span> <span class='ocrx_word' id='word_1_82' title='bbox 633 1559 806 1652; x_wconf 82' lang='lat' dir='ltr'><strong>liquorem</strong></span> <span class='ocrx_word' id='word_1_83' title='bbox 834 1560 986 1654; x_wconf 86' lang='lat' dir='ltr'><strong>aliquem</strong></span> <span class='ocrx_word' id='word_1_84' title='bbox 1010 1558 1204 1629; x_wconf 65' lang='lat' dir='ltr'><strong>somensac·</strong></span> <span class='ocrx_word' id='word_1_85' title='bbox 1228 1578 1257 1633; x_wconf 70' lang='lat' dir='ltr'><strong>v.</strong></span> 
     </span>
     <span class='ocr_line' id='line_1_12' title="bbox 215 1665 708 1742; baseline -0.008 0"><span class='ocrx_word' id='word_1_86' title='bbox 215 1670 361 1742; x_wconf 83' lang='lat' dir='ltr'><strong>Casaub.</strong></span> <span class='ocrx_word' id='word_1_87' title='bbox 386 1665 431 1733; x_wconf 85' lang='lat' dir='ltr'><strong>ad</strong></span> <span class='ocrx_word' id='word_1_88' title='bbox 454 1665 586 1735; x_wconf 85' lang='lat' dir='ltr'><strong>Athen.</strong></span> <span class='ocrx_word' id='word_1_89' title='bbox 603 1669 632 1736; x_wconf 94' lang='grc' dir='ltr'><strong>Ι.</strong></span> <span class='ocrx_word' id='word_1_90' title='bbox 654 1691 708 1737; x_wconf 80' lang='lat'><strong>22.</strong></span> 
     </span>
    </p>

    <p class='ocr_par' dir='ltr' id='par_1_7' title="bbox 214 1766 1255 1986">
     <span class='ocr_line' id='line_1_13' title="bbox 260 1766 1255 1871; baseline 0.001 -23"><span class='ocrx_word' id='word_1_91' title='bbox 260 1778 483 1868; x_wconf 72' lang='lat' dir='ltr'><strong>Suffirtum,</strong></span> <span class='ocrx_word' id='word_1_92' title='bbox 504 1788 556 1840; x_wconf 84' lang='lat' dir='ltr'><strong>est</strong></span> <span class='ocrx_word' id='word_1_93' title='bbox 575 1771 735 1862; x_wconf 88' lang='lat' dir='ltr'><strong>plenum,</strong></span> <span class='ocrx_word' id='word_1_94' title='bbox 757 1766 926 1863; x_wconf 57' lang='lat' dir='ltr'><strong>densum}</strong></span> <span class='ocrx_word' id='word_1_95' title='bbox 949 1774 1046 1871; x_wconf 81' lang='lat' dir='ltr'><strong>qnod</strong></span> <span class='ocrx_word' id='word_1_96' title='bbox 1064 1800 1170 1847; x_wconf 84' lang='lat' dir='ltr'><strong>auree</strong></span> <span class='ocrx_word' id='word_1_97' title='bbox 1190 1778 1255 1859; x_wconf 58' lang='lat' dir='ltr'><strong>inu,</strong></span> 
     </span>
     <span class='ocr_line' id='line_1_14' title="bbox 214 1883 1076 1986; baseline -0.007 -26"><span class='ocrx_word' id='word_1_98' title='bbox 214 1891 327 1986; x_wconf 88' lang='lat' dir='ltr'><strong>pleat,</strong></span> <span class='ocrx_word' id='word_1_99' title='bbox 351 1889 483 1956; x_wconf 85' lang='lat' dir='ltr'><strong>Graece</strong></span> <span class='ocrx_word' id='word_1_100' title='bbox 503 1884 686 1955; x_wconf 71' lang='grc' dir='ltr'><strong>ὑπόπυκνον.</strong></span> <span class='ocrx_word' id='word_1_101' title='bbox 708 1910 741 1954; x_wconf 84' lang='lat' dir='ltr'><strong>v.</strong></span> <span class='ocrx_word' id='word_1_102' title='bbox 765 1887 909 1954; x_wconf 89' lang='lat' dir='ltr'><strong>Casaub.</strong></span> <span class='ocrx_word' id='word_1_103' title='bbox 929 1883 974 1950; x_wconf 90' lang='lat' dir='ltr'><strong>ad</strong></span> <span class='ocrx_word' id='word_1_104' title='bbox 996 1885 1033 1954; x_wconf 94' lang='lat' dir='ltr'><strong>h.</strong></span> <span class='ocrx_word' id='word_1_105' title='bbox 1049 1886 1076 1954; x_wconf 89' lang='lat' dir='ltr'><strong>l.</strong></span> 
     </span>
    </p>

    <p class='ocr_par' dir='ltr' id='par_1_8' title="bbox 260 1990 1193 2078">
     <span class='ocr_line' id='line_1_15' title="bbox 260 1990 1193 2078; baseline -0.001 -14"><span class='ocrx_word' id='word_1_106' title='bbox 260 1997 515 2072; x_wconf 58' lang='lat' dir='ltr'><strong>(litaniarum,</strong></span> <span class='ocrx_word' id='word_1_107' title='bbox 539 1990 564 2058; x_wconf 91' lang='lat' dir='ltr'><strong>i.</strong></span> <span class='ocrx_word' id='word_1_108' title='bbox 585 2015 614 2058; x_wconf 82' lang='lat' dir='ltr'><strong>e.</strong></span> <span class='ocrx_word' id='word_1_109' title='bbox 637 2008 858 2078; x_wconf 82' lang='lat' dir='ltr'><strong>sanaturum,</strong></span> <span class='ocrx_word' id='word_1_110' title='bbox 880 1993 935 2066; x_wconf 86' lang='lat' dir='ltr'><strong>vel</strong></span> <span class='ocrx_word' id='word_1_111' title='bbox 957 2008 1193 2066; x_wconf 72' lang='lat' dir='ltr'><strong>cantaturum</strong></span> 
     </span>
    </p>

    <p class='ocr_par' dir='ltr' id='par_1_9' title="bbox 258 2098 1203 2196">
     <span class='ocr_line' id='line_1_16' title="bbox 258 2098 1203 2196; baseline 0.003 -27"><span class='ocrx_word' id='word_1_112' title='bbox 258 2106 489 2176; x_wconf 80' lang='lat' dir='ltr'><strong>commeatu,</strong></span> <span class='ocrx_word' id='word_1_113' title='bbox 510 2101 534 2165; x_wconf 86' lang='lat' dir='ltr'><strong>i.</strong></span> <span class='ocrx_word' id='word_1_114' title='bbox 558 2123 588 2167; x_wconf 91' lang='lat' dir='ltr'><strong>e.</strong></span> <span class='ocrx_word' id='word_1_115' title='bbox 612 2098 727 2166; x_wconf 83' lang='lat' dir='ltr'><strong>classe.</strong></span> <span class='ocrx_word' id='word_1_116' title='bbox 750 2127 782 2170; x_wconf 86' lang='lat' dir='ltr'><strong>v.</strong></span> <span class='ocrx_word' id='word_1_117' title='bbox 810 2102 956 2171; x_wconf 86' lang='lat' dir='ltr'><strong>Casaub.</strong></span> <span class='ocrx_word' id='word_1_118' title='bbox 974 2098 1019 2167; x_wconf 84' lang='lat' dir='ltr'><strong>ad</strong></span> <span class='ocrx_word' id='word_1_119' title='bbox 1036 2101 1131 2191; x_wconf 60' lang='lat' dir='ltr'><strong>Auge</strong></span> <span class='ocrx_word' id='word_1_120' title='bbox 1146 2106 1203 2196; x_wconf 81' lang='grc'><strong>98.</strong></span> 
     </span>
    </p>

    <p class='ocr_par' dir='ltr' id='par_1_10' title="bbox 201 2208 1285 2624">
     <span class='ocr_line' id='line_1_17' title="bbox 258 2208 1257 2304; baseline 0 -23"><span class='ocrx_word' id='word_1_121' title='bbox 258 2210 550 2281; x_wconf 72' lang='lat' dir='ltr'><strong>Robustireimce</strong></span> <span class='ocrx_word' id='word_1_122' title='bbox 570 2208 778 2276; x_wconf 71' lang='lat' dir='ltr'><strong>iuventutis.</strong></span> <span class='ocrx_word' id='word_1_123' title='bbox 823 2208 1011 2275; x_wconf 72' lang='lat' dir='ltr'><strong>Robustue</strong></span> <span class='ocrx_word' id='word_1_124' title='bbox 1037 2231 1144 2304; x_wconf 86' lang='lat' dir='ltr'><strong>saepe</strong></span> <span class='ocrx_word' id='word_1_125' title='bbox 1169 2210 1257 2281; x_wconf 83' lang='lat' dir='ltr'><strong>dici·</strong></span> 
     </span>
     <span class='ocr_line' id='line_1_18' title="bbox 215 2312 1253 2410; baseline -0.002 -18"><span class='ocrx_word' id='word_1_126' title='bbox 215 2340 295 2407; x_wconf 87' lang='lat' dir='ltr'><strong>tur,</strong></span> <span class='ocrx_word' id='word_1_127' title='bbox 319 2319 379 2410; x_wconf 88' lang='lat' dir='ltr'><strong>qui</strong></span> <span class='ocrx_word' id='word_1_128' title='bbox 401 2315 535 2385; x_wconf 86' lang='lat' dir='ltr'><strong>virilem</strong></span> <span class='ocrx_word' id='word_1_129' title='bbox 552 2331 696 2382; x_wconf 89' lang='lat' dir='ltr'><strong>aetatem</strong></span> <span class='ocrx_word' id='word_1_130' title='bbox 721 2312 853 2400; x_wconf 80' lang='lat' dir='ltr'><strong>attigit,</strong></span> <span class='ocrx_word' id='word_1_131' title='bbox 877 2314 972 2381; x_wconf 90' lang='lat' dir='ltr'><strong>nulla</strong></span> <span class='ocrx_word' id='word_1_132' title='bbox 988 2320 1130 2388; x_wconf 84' lang='lat' dir='ltr'><strong>ratione</strong></span> <span class='ocrx_word' id='word_1_133' title='bbox 1151 2321 1253 2390; x_wconf 87' lang='lat' dir='ltr'><strong>robo-</strong></span> 
     </span>
     <span class='ocr_line' id='line_1_19' title="bbox 201 2420 1256 2514; baseline -0.001 -16"><span class='ocrx_word' id='word_1_134' title='bbox 201 2430 263 2498; x_wconf 84' lang='lat' dir='ltr'><strong>·ris</strong></span> <span class='ocrx_word' id='word_1_135' title='bbox 280 2427 409 2493; x_wconf 86' lang='lat' dir='ltr'><strong>habita.</strong></span> <span class='ocrx_word' id='word_1_136' title='bbox 432 2424 548 2511; x_wconf 87' lang='lat' dir='ltr'>Nepos</span> <span class='ocrx_word' id='word_1_137' title='bbox 573 2420 687 2491; x_wconf 83' lang='lat' dir='ltr'><strong>Alcib.</strong></span> <span class='ocrx_word' id='word_1_138' title='bbox 711 2442 742 2489; x_wconf 85' lang='lat'><strong>2.</strong></span> <span class='ocrx_word' id='word_1_139' title='bbox 785 2427 924 2493; x_wconf 71' lang='lat' dir='ltr'><strong>Postea</strong></span> <span class='ocrx_word' id='word_1_140' title='bbox 948 2444 1057 2514; x_wconf 83' lang='lat' dir='ltr'><strong>quam</strong></span> <span class='ocrx_word' id='word_1_141' title='bbox 1076 2427 1256 2497; x_wconf 78' lang='lat' dir='ltr'><strong>robuctior</strong></span> 
     </span>
     <span class='ocr_line' id='line_1_20' title="bbox 216 2527 1285 2624; baseline -0.01 -20"><span class='ocrx_word' id='word_1_142' title='bbox 216 2552 273 2605; x_wconf 77' lang='lat' dir='ltr'><strong>eet</strong></span> <span class='ocrx_word' id='word_1_143' title='bbox 281 2535 425 2624; x_wconf 71' lang='lat' dir='ltr'><strong>factus.</strong></span> <span class='ocrx_word' id='word_1_144' title='bbox 447 2556 479 2600; x_wconf 88' lang='lat' dir='ltr'><strong>v.</strong></span> <span class='ocrx_word' id='word_1_145' title='bbox 502 2531 656 2599; x_wconf 89' lang='lat' dir='ltr'><strong>Gronov.</strong></span> <span class='ocrx_word' id='word_1_146' title='bbox 675 2527 718 2596; x_wconf 86' lang='lat' dir='ltr'><strong>ad</strong></span> <span class='ocrx_word' id='word_1_147' title='bbox 735 2530 857 2597; x_wconf 91' lang='lat' dir='ltr'><strong>lustin.</strong></span> <span class='ocrx_word' id='word_1_148' title='bbox 876 2531 937 2598; x_wconf 92' lang='grc' dir='ltr'><strong>ΙΙΙ.</strong></span> <span class='ocrx_word' id='word_1_149' title='bbox 960 2554 989 2599; x_wconf 85' lang='grc'><strong>1.</strong></span> <span class='ocrx_word' id='word_1_150' title='bbox 1012 2546 1047 2598; x_wconf 85' lang='lat' dir='ltr'><strong>et</strong></span> <span class='ocrx_word' id='word_1_151' title='bbox 1065 2532 1198 2603; x_wconf 73' lang='lat' dir='ltr'><strong>Gracc.</strong></span> <span class='ocrx_word' id='word_1_152' title='bbox 1218 2530 1255 2601; x_wconf 71' lang='lat' dir='ltr'><strong>ai</strong></span> <span class='ocrx_word' id='word_1_153' title='bbox 1279 2578 1285 2593; x_wconf 95' lang='lat'><strong>.</strong></span> 
     </span>
    </p>
   </div>
   <div class='ocr_carea' id='block_1_6' title="bbox 111 2635 1255 2730">
    <p class='ocr_par' dir='ltr' id='par_1_11' title="bbox 111 2635 1255 2730">
     <span class='ocr_line' id='line_1_21' title="bbox 111 2635 1255 2730; baseline -0.003 -17"><span class='ocrx_word' id='word_1_154' title='bbox 111 2692 117 2703; x_wconf 84' lang='lat'>-</span> <span class='ocrx_word' id='word_1_155' title='bbox 200 2646 294 2714; x_wconf 73' lang='lat' dir='ltr'><strong>&#39;Cic</strong></span> <span class='ocrx_word' id='word_1_156' title='bbox 314 2642 357 2710; x_wconf 87' lang='lat' dir='ltr'><strong>ad</strong></span> <span class='ocrx_word' id='word_1_157' title='bbox 380 2641 456 2707; x_wconf 87' lang='lat' dir='ltr'><strong>Div.</strong></span> <span class='ocrx_word' id='word_1_158' title='bbox 476 2640 575 2708; x_wconf 88' lang='lat' dir='ltr'><strong>XIII.</strong></span> <span class='ocrx_word' id='word_1_159' title='bbox 600 2661 650 2706; x_wconf 86' lang='lat'><strong>10.</strong></span> <span class='ocrx_word' id='word_1_160' title='bbox 694 2637 761 2704; x_wconf 93' lang='lat' dir='ltr'><strong>Hic</strong></span> <span class='ocrx_word' id='word_1_161' title='bbox 786 2654 899 2705; x_wconf 88' lang='lat' dir='ltr'><strong>tamen</strong></span> <span class='ocrx_word' id='word_1_162' title='bbox 922 2635 1114 2730; x_wconf 82' lang='lat' dir='ltr'><strong>respicitur</strong></span> <span class='ocrx_word' id='word_1_163' title='bbox 1134 2637 1180 2706; x_wconf 84' lang='lat' dir='ltr'><strong>ad</strong></span> <span class='ocrx_word' id='word_1_164' title='bbox 1199 2662 1255 2709; x_wconf 90' lang='lat' dir='ltr'><strong>ro-</strong></span> 
     </span>
    </p>
   </div>
   <div class='ocr_carea' id='block_1_7' title="bbox 167 2745 1286 3804">
    <p class='ocr_par' dir='ltr' id='par_1_12' title="bbox 213 2745 699 2839">
     <span class='ocr_line' id='line_1_22' title="bbox 213 2745 699 2839; baseline -0.023 -16"><span class='ocrx_word' id='word_1_165' title='bbox 213 2756 283 2823; x_wconf 85' lang='lat' dir='ltr'><strong>bur</strong></span> <span class='ocrx_word' id='word_1_166' title='bbox 308 2768 343 2818; x_wconf 91' lang='lat' dir='ltr'><strong>et</strong></span> <span class='ocrx_word' id='word_1_167' title='bbox 363 2750 511 2835; x_wconf 86' lang='lat' dir='ltr'><strong>vigorem</strong></span> <span class='ocrx_word' id='word_1_168' title='bbox 534 2745 699 2839; x_wconf 82' lang='lat' dir='ltr'><strong>corporis.</strong></span> 
     </span>
    </p>

    <p class='ocr_par' dir='ltr' id='par_1_13' title="bbox 199 2844 1286 3369">
     <span class='ocr_line' id='line_1_23' title="bbox 258 2844 1257 2946; baseline -0.001 -20"><span class='ocrx_word' id='word_1_169' title='bbox 258 2860 440 2939; x_wconf 69' lang='lat' dir='ltr'><strong>Bombos,</strong></span> <span class='ocrx_word' id='word_1_170' title='bbox 464 2853 601 2946; x_wconf 87' lang='lat' dir='ltr'><strong>plausus</strong></span> <span class='ocrx_word' id='word_1_171' title='bbox 620 2870 747 2939; x_wconf 81' lang='lat' dir='ltr'><strong>genus,</strong></span> <span class='ocrx_word' id='word_1_172' title='bbox 769 2847 900 2916; x_wconf 86' lang='lat' dir='ltr'><strong>dicitur</strong></span> <span class='ocrx_word' id='word_1_173' title='bbox 927 2844 971 2914; x_wconf 85' lang='lat' dir='ltr'><strong>ad</strong></span> <span class='ocrx_word' id='word_1_174' title='bbox 997 2848 1257 2925; x_wconf 76' lang='lat' dir='ltr'><strong>eimtlitudinen</strong></span> 
     </span>
     <span class='ocr_line' id='line_1_24' title="bbox 215 2956 1285 3054; baseline -0.007 -16"><span class='ocrx_word' id='word_1_175' title='bbox 215 2969 365 3049; x_wconf 82' lang='lat' dir='ltr'><strong>sonitus,</strong></span> <span class='ocrx_word' id='word_1_176' title='bbox 389 2985 492 3054; x_wconf 89' lang='lat' dir='ltr'><strong>quem</strong></span> <span class='ocrx_word' id='word_1_177' title='bbox 515 2984 595 3052; x_wconf 83' lang='lat' dir='ltr'><strong>apes</strong></span> <span class='ocrx_word' id='word_1_178' title='bbox 618 2957 747 3027; x_wconf 84' lang='lat' dir='ltr'><strong>edunt:</strong></span> <span class='ocrx_word' id='word_1_179' title='bbox 772 2960 960 3042; x_wconf 66' lang='lat' dir='ltr'><strong>imbricato,</strong></span> <span class='ocrx_word' id='word_1_180' title='bbox 983 2956 1027 3024; x_wconf 84' lang='lat' dir='ltr'><strong>ad</strong></span> <span class='ocrx_word' id='word_1_181' title='bbox 1054 2958 1255 3029; x_wconf 78' lang='lat' dir='ltr'><strong>similitudi·</strong></span> <span class='ocrx_word' id='word_1_182' title='bbox 1280 3014 1285 3029; x_wconf 92' lang='lat'><strong>.</strong></span> 
     </span>
     <span class='ocr_line' id='line_1_25' title="bbox 214 3063 1255 3162; baseline -0.004 -20"><span class='ocrx_word' id='word_1_183' title='bbox 214 3100 296 3146; x_wconf 87' lang='lat' dir='ltr'><strong>nem</strong></span> <span class='ocrx_word' id='word_1_184' title='bbox 332 3068 532 3162; x_wconf 83' lang='lat' dir='ltr'><strong>crepitantis</strong></span> <span class='ocrx_word' id='word_1_185' title='bbox 564 3087 669 3154; x_wconf 86' lang='lat' dir='ltr'><strong>super</strong></span> <span class='ocrx_word' id='word_1_186' title='bbox 696 3063 823 3150; x_wconf 82' lang='lat' dir='ltr'><strong>tegulas</strong></span> <span class='ocrx_word' id='word_1_187' title='bbox 853 3065 1010 3159; x_wconf 79' lang='lat' dir='ltr'><strong>pluviae:</strong></span> <span class='ocrx_word' id='word_1_188' title='bbox 1045 3080 1186 3156; x_wconf 81' lang='lat' dir='ltr'><strong>tectae,</strong></span> <span class='ocrx_word' id='word_1_189' title='bbox 1216 3066 1255 3137; x_wconf 76' lang='lat' dir='ltr'><strong>acl</strong></span> 
     </span>
     <span class='ocr_line' id='line_1_26' title="bbox 199 3168 1257 3262; baseline -0.003 -10"><span class='ocrx_word' id='word_1_190' title='bbox 199 3179 477 3253; x_wconf 88' lang='lat' dir='ltr'><strong>&#39;similitudinem</strong></span> <span class='ocrx_word' id='word_1_191' title='bbox 503 3173 676 3262; x_wconf 87' lang='lat' dir='ltr'><strong>crepitus,</strong></span> <span class='ocrx_word' id='word_1_192' title='bbox 709 3171 769 3256; x_wconf 84' lang='lat' dir='ltr'><strong>qui</strong></span> <span class='ocrx_word' id='word_1_193' title='bbox 792 3169 909 3237; x_wconf 90' lang='lat' dir='ltr'><strong>editur</strong></span> <span class='ocrx_word' id='word_1_194' title='bbox 939 3168 1033 3240; x_wconf 82' lang='lat' dir='ltr'><strong>testie</strong></span> <span class='ocrx_word' id='word_1_195' title='bbox 1064 3177 1208 3249; x_wconf 72' lang='lat' dir='ltr'><strong>collinis.</strong></span> <span class='ocrx_word' id='word_1_196' title='bbox 1227 3194 1257 3251; x_wconf 73' lang='lat' dir='ltr'><strong>t.</strong></span> 
     </span>
     <span class='ocr_line' id='line_1_27' title="bbox 213 3274 1286 3369; baseline -0.019 -7"><span class='ocrx_word' id='word_1_197' title='bbox 213 3290 360 3362; x_wconf 86' lang='lat' dir='ltr'><strong>Casaub.</strong></span> <span class='ocrx_word' id='word_1_198' title='bbox 384 3285 427 3351; x_wconf 86' lang='lat' dir='ltr'><strong>ad</strong></span> <span class='ocrx_word' id='word_1_199' title='bbox 448 3284 483 3349; x_wconf 93' lang='lat' dir='ltr'><strong>h.</strong></span> <span class='ocrx_word' id='word_1_200' title='bbox 506 3280 531 3353; x_wconf 89' lang='lat' dir='ltr'><strong>l.</strong></span> <span class='ocrx_word' id='word_1_201' title='bbox 555 3297 591 3345; x_wconf 88' lang='lat' dir='ltr'><strong>et</strong></span> <span class='ocrx_word' id='word_1_202' title='bbox 606 3280 772 3344; x_wconf 83' lang='lat' dir='ltr'><strong>Passerat.</strong></span> <span class='ocrx_word' id='word_1_203' title='bbox 795 3275 839 3342; x_wconf 87' lang='lat' dir='ltr'><strong>ad</strong></span> <span class='ocrx_word' id='word_1_204' title='bbox 857 3274 984 3345; x_wconf 83' lang='lat' dir='ltr'><strong>Catull.</strong></span> <span class='ocrx_word' id='word_1_205' title='bbox 1006 3304 1044 3368; x_wconf 88' lang='lat' dir='ltr'><strong>p.</strong></span> <span class='ocrx_word' id='word_1_206' title='bbox 1065 3285 1122 3353; x_wconf 78' lang='lat'><strong>58.</strong></span> <span class='ocrx_word' id='word_1_207' title='bbox 1282 3364 1286 3369; x_wconf 27' lang='grc' dir='ltr'>Ι</span> 
     </span>
    </p>

    <p class='ocr_par' dir='ltr' id='par_1_14' title="bbox 167 3368 1276 3692">
     <span class='ocr_line' id='line_1_28' title="bbox 258 3368 1254 3486; baseline -0.011 -20"><span class='ocrx_word' id='word_1_208' title='bbox 258 3398 529 3486; x_wconf 57' lang='lat' dir='ltr'><strong>Paegnium,</strong></span> <span class='ocrx_word' id='word_1_209' title='bbox 551 3388 575 3454; x_wconf 82' lang='lat' dir='ltr'><strong>i.</strong></span> <span class='ocrx_word' id='word_1_210' title='bbox 594 3410 624 3452; x_wconf 82' lang='lat' dir='ltr'><strong>e·</strong></span> <span class='ocrx_word' id='word_1_211' title='bbox 648 3382 870 3469; x_wconf 79' lang='lat' dir='ltr'><strong>densissima,</strong></span> <span class='ocrx_word' id='word_1_212' title='bbox 892 3386 946 3455; x_wconf 78' lang='lat' dir='ltr'><strong>vel</strong></span> <span class='ocrx_word' id='word_1_213' title='bbox 975 3368 1161 3473; x_wconf 77' lang='lat' dir='ltr'><strong>unguentis</strong></span> <span class='ocrx_word' id='word_1_214' title='bbox 1182 3412 1254 3459; x_wconf 75' lang='lat' dir='ltr'><strong>rne-</strong></span> 
     </span>
     <span class='ocr_line' id='line_1_29' title="bbox 214 3486 1276 3588; baseline -0.006 -14"><span class='ocrx_word' id='word_1_215' title='bbox 214 3504 308 3574; x_wconf 85' lang='lat' dir='ltr'><strong>dida.</strong></span> <span class='ocrx_word' id='word_1_216' title='bbox 352 3503 453 3570; x_wconf 88' lang='lat' dir='ltr'><strong>Prior</strong></span> <span class='ocrx_word' id='word_1_217' title='bbox 483 3493 666 3585; x_wconf 84' lang='lat' dir='ltr'><strong>explicatio</strong></span> <span class='ocrx_word' id='word_1_218' title='bbox 697 3494 885 3560; x_wconf 86' lang='lat' dir='ltr'><strong>Torrentio</strong></span> <span class='ocrx_word' id='word_1_219' title='bbox 912 3492 1057 3588; x_wconf 85' lang='lat' dir='ltr'><strong>placet,</strong></span> <span class='ocrx_word' id='word_1_220' title='bbox 1086 3486 1276 3586; x_wconf 70' lang='lat' dir='ltr'><strong>posterior</strong></span> 
     </span>
     <span class='ocr_line' id='line_1_30' title="bbox 167 3600 937 3692; baseline -0.014 -11"><span class='ocrx_word' id='word_1_221' title='bbox 167 3625 171 3639; x_wconf 94' lang='lat'>&#39;</span> <span class='ocrx_word' id='word_1_222' title='bbox 213 3613 426 3682; x_wconf 87' lang='lat' dir='ltr'><strong>Casaubono.</strong></span> <span class='ocrx_word' id='word_1_223' title='bbox 450 3628 482 3673; x_wconf 86' lang='lat' dir='ltr'><strong>v.</strong></span> <span class='ocrx_word' id='word_1_224' title='bbox 501 3609 617 3672; x_wconf 89' lang='lat' dir='ltr'><strong>Burm.</strong></span> <span class='ocrx_word' id='word_1_225' title='bbox 636 3600 680 3667; x_wconf 89' lang='lat' dir='ltr'><strong>ad</strong></span> <span class='ocrx_word' id='word_1_226' title='bbox 703 3603 937 3692; x_wconf 84' lang='lat' dir='ltr'><strong>Petron.109.</strong></span> 
     </span>
    </p>

    <p class='ocr_par' dir='ltr' id='par_1_15' title="bbox 254 3710 1255 3804">
     <span class='ocr_line' id='line_1_31' title="bbox 254 3710 1255 3804; baseline -0.003 -18"><span class='ocrx_word' id='word_1_227' title='bbox 254 3718 392 3797; x_wconf 83' lang='lat' dir='ltr'><strong>Pueri,</strong></span> <span class='ocrx_word' id='word_1_228' title='bbox 415 3738 479 3781; x_wconf 84' lang='lat' dir='ltr'><strong>nec</strong></span> <span class='ocrx_word' id='word_1_229' title='bbox 503 3716 579 3778; x_wconf 80' lang='lat' dir='ltr'><strong>eine</strong></span> <span class='ocrx_word' id='word_1_230' title='bbox 599 3712 731 3777; x_wconf 79' lang='lat' dir='ltr'><strong>annulo</strong></span> <span class='ocrx_word' id='word_1_231' title='bbox 747 3711 877 3776; x_wconf 67' lang='lat' dir='ltr'><strong>&#39;laevia</strong></span> <span class='ocrx_word' id='word_1_232' title='bbox 922 3712 1132 3804; x_wconf 84' lang='lat' dir='ltr'><strong>Desperatue</strong></span> <span class='ocrx_word' id='word_1_233' title='bbox 1151 3710 1255 3783; x_wconf 77' lang='lat' dir='ltr'><strong>locut.</strong></span> 
     </span>
    </p>
   </div>
   <div class='ocr_carea' id='block_1_8' title="bbox 212 3816 1253 3995">
    <p class='ocr_par' dir='ltr' id='par_1_16' title="bbox 212 3816 1253 3995">
     <span class='ocr_line' id='line_1_32' title="bbox 263 3816 1253 3911; baseline -0.016 -22"><span class='ocrx_word' id='word_1_234' title='bbox 263 3824 323 3900; x_wconf 78' lang='grc'><strong>21,</strong></span> <span class='ocrx_word' id='word_1_235' title='bbox 367 3824 412 3886; x_wconf 80' lang='lat' dir='ltr'><strong>In</strong></span> <span class='ocrx_word' id='word_1_236' title='bbox 433 3821 570 3899; x_wconf 73' lang='lat' dir='ltr'><strong>laertio,</strong></span> <span class='ocrx_word' id='word_1_237' title='bbox 594 3842 679 3907; x_wconf 87' lang='lat' dir='ltr'><strong>quos</strong></span> <span class='ocrx_word' id='word_1_238' title='bbox 699 3816 764 3883; x_wconf 91' lang='lat' dir='ltr'><strong>Iul.</strong></span> <span class='ocrx_word' id='word_1_239' title='bbox 790 3817 913 3882; x_wconf 86' lang='lat' dir='ltr'><strong>Caesar</strong></span> <span class='ocrx_word' id='word_1_240' title='bbox 935 3816 1076 3911; x_wconf 27' lang='lat' dir='ltr'><strong>populo.</strong></span> <span class='ocrx_word' id='word_1_241' title='bbox 1095 3818 1253 3911; x_wconf 60' lang='lat' dir='ltr'><strong>relique.</strong></span> 
     </span>
     <span class='ocr_line' id='line_1_33' title="bbox 212 3914 1186 3995; baseline -0.006 -2"><span class='ocrx_word' id='word_1_242' title='bbox 212 3943 276 3993; x_wconf 83' lang='lat' dir='ltr'><strong>rat.</strong></span> <span class='ocrx_word' id='word_1_243' title='bbox 295 3946 327 3988; x_wconf 86' lang='lat' dir='ltr'><strong>v.</strong></span> <span class='ocrx_word' id='word_1_244' title='bbox 351 3921 442 3988; x_wconf 90' lang='lat' dir='ltr'><strong>Plin.</strong></span> <span class='ocrx_word' id='word_1_245' title='bbox 471 3922 515 3986; x_wconf 87' lang='lat' dir='ltr'><strong>H.</strong></span> <span class='ocrx_word' id='word_1_246' title='bbox 535 3921 581 3986; x_wconf 86' lang='lat' dir='ltr'><strong>N.</strong></span> <span class='ocrx_word' id='word_1_247' title='bbox 604 3918 715 3987; x_wconf 85' lang='lat' dir='ltr'><strong>XVII.</strong></span> <span class='ocrx_word' id='word_1_248' title='bbox 740 3936 790 3981; x_wconf 84' lang='grc' dir='ltr'><strong>ιι.</strong></span> <span class='ocrx_word' id='word_1_249' title='bbox 813 3933 848 3981; x_wconf 89' lang='lat' dir='ltr'><strong>et</strong></span> <span class='ocrx_word' id='word_1_250' title='bbox 871 3917 1017 3984; x_wconf 77' lang='lat' dir='ltr'><strong>Casaub.</strong></span> <span class='ocrx_word' id='word_1_251' title='bbox 1034 3914 1137 3995; x_wconf 73' lang='lat' dir='ltr'><strong>adh.</strong></span> <span class='ocrx_word' id='word_1_252' title='bbox 1159 3918 1186 3988; x_wconf 78' lang='lat' dir='ltr'><strong>i·</strong></span> 
     </span>
    </p>
   </div>
   <div class='ocr_carea' id='block_1_9' title="bbox 257 4002 1256 4203">
    <p class='ocr_par' dir='ltr' id='par_1_17' title="bbox 257 4002 1256 4203">
     <span class='ocr_line' id='line_1_34' title="bbox 257 4002 1253 4123; baseline -0.007 -23"><span class='ocrx_word' id='word_1_253' title='bbox 257 4034 302 4100; x_wconf 78' lang='lat' dir='ltr'><strong>Ic</strong></span> <span class='ocrx_word' id='word_1_254' title='bbox 325 4030 404 4096; x_wconf 81' lang='lat' dir='ltr'><strong>albo</strong></span> <span class='ocrx_word' id='word_1_255' title='bbox 411 4028 669 4123; x_wconf 75' lang='lat' dir='ltr'><strong>profitentium</strong></span> <span class='ocrx_word' id='word_1_256' title='bbox 690 4041 758 4093; x_wconf 80' lang='lat' dir='ltr'><strong>etc.</strong></span> <span class='ocrx_word' id='word_1_257' title='bbox 782 4047 813 4093; x_wconf 85' lang='lat' dir='ltr'><strong>v.</strong></span> <span class='ocrx_word' id='word_1_258' title='bbox 834 4002 1253 4113; x_wconf 69' lang='lat' dir='ltr'><strong>P..Fat›0ntg&#39;0n.1.rt.</strong></span> 
     </span>
     <span class='ocr_line' id='line_1_35' title="bbox 1165 4134 1256 4203; baseline -0.022 0"><span class='ocrx_word' id='word_1_259' title='bbox 1165 4134 1256 4203; x_wconf 81' lang='lat' dir='ltr'><strong>Pcr-</strong></span> 
     </span>
    </p>
   </div>
   <div class='ocr_carea' id='block_1_10' title="bbox 0 0 1295 4942">
    <p class='ocr_par' dir='ltr' id='par_1_18' title="bbox 0 0 1295 4942">
     <span class='ocr_line' id='line_1_36' title="bbox 0 0 1295 4942; baseline 0 0"><span class='ocrx_word' id='word_1_260' title='bbox 0 0 1295 4942; x_wconf 95' lang='lat' dir='ltr'><strong> </strong></span> 
     </span>
    </p>
   </div>
  </div>
 </body>
</html>
