2580 4942
123 335 183 403 me
471 317 846 408 Tluuuiuu

172 522 368 606 Fremem,
391 519 467 592 ie.
491 526 542 592 ira
561 538 596 593 et
612 512 1046 606 indignationeuu'oepuur.
1070 510 1164 584 oud.

127 628 214 696 Met.
236 629 300 695 IX.
289 648 398 718 .207.
445 633 563 720 Saepe
585 631 687 696 illum
703 627 864 714 gemituo
879 620 1069 707 edentem.
1090 646 1166 690 aue

125 755 174 821 pe
188 731 421 821 frementem.
454 735 516 801 ubi
544 757 577 805 v.
606 733 727 802 Heius.
751 728 872 801 Claud.
861 754 943 823 .9.
959 731 1166 821 indignante

123 866 170 910 ac
179 840 362 930 fremente
389 840 489 906 Caio.

167 948 228 1013 Ex
251 957 348 1026 tut,o
371 943 394 1010 i.
420 968 450 1010 e.
474 959 559 1011 tuto.
591 943 677 1011 Liv.
690 943 819 1014 XXVI.
843 944 896 1012 58.
933 955 1112 1032 quantem
1129 957 1167 1010 e'u

124 1067 204 1121 tuto
228 1064 399 1137 poterut,
432 1075 508 1117 rem
531 1053 737 1118 Romanam
746 1047 906 1136 fouebat.
929 1046 1039 1118 Ouid.
1060 1047 1104 1117 Α.
1127 1051 1166 1117 Δ.

123 1151 186 1226 III.
211 1161 285 1227 605.
336 1157 438 1240 Quae
459 1162 563 1229 venit
585 1181 629 1227 ex
656 1171 756 1240 tuto,
788 1155 908 1223 minua
933 1169 993 1223 eet
1021 1162 1167 1245 uee'epto

123 1270 306 1354 voluptas.

167 1376 322 1442 Decimo
340 1368 502 1462 septimo.
547 1371 779 1439 Scribendum
793 1374 909 1464 potius
931 1376 1086 1460 septimo
1102 1373 1164 1440 de-

115 1480 239 1546 ·eimo.·
272 1478 359 1544 Num
378 1478 440 1543 ·sie
470 1494 601 1545 veteres
624 1479 824 1567 malebant,
854 1479 1008 1574 quamvis
1035 1479 1167 1561 livine.

126 1602 213 1652 teste
232 1585 430 1667 Prisciano,
449 1585 575 1656 XVIII.
598 1610 635 1675 p.
663 1608 757 1678 1170.
781 1591 976 1679 promiscue
994 1586 1169 1678 scripserit

124 1706 263 1780 oeptem
284 1686 461 1761 decem‘et
476 1695 598 1761 decem
616 1708 768 1784 eeptem.
786 1718 818 1762 v.
837 1692 1014 1762 Drakenb.
1033 1692 1078 1762 ud
1094 1695 1165 1762 -1.iv.

126 1796 173 1867 X.
197 1822 249 1867 21.
273 1818 308 1867 et
327 1801 411 1867 Intt.
433 1798 476 1866 ed
499 1800 534 1868 h.
556 1800 584 1874 l.
707 1845 710 1855 ·

170 1907 400 1972 Remissione
418 1908 553 1996 febrie.
598 1909 783 1978 Remioeio
807 1910 950 1999 proprie
979 1896 1112 1976 dieitur
1131 1924 1167 1972 a·

130 2010 203 2104 pud
222 2010 398 2095 Medico,
423 2038 501 2081 cum
518 2016 659 2082 morbus
685 2014 792 2082 levior
813 2013 877 2097 fit,
897 2013 1052 2082 sedatur.
1090 2008 1169 2079 Cel·

128 2145 185 2188 eus
207 2118 260 2208 de
287 2120 555 2191 Medic.111.5.
586 2143 694 2208 saepe
713 2121 843 2210 febres
870 2126 934 2189 vix
960 2125 1171 2211 quicquam,

130 2231 190 2296 vel
208 2229 304 2295 nihil
321 2230 524 2296 remittunt.
548 2251 581 2294 v.
600 2227 776 2296 Drakenb.
796 2226 839 2297 ad
861 2228 936 2295 Liv.
956 2228 1001 2293 ΙΙ.
1024 2228 1077 2296 54.
1110 2278 1114 2285 .

168 2337 363 2402 Exemtum
382 2339 565 2412 annulum.
609 2335 800 2402 Morientes
830 2333 997 2400 annulum
1017 2333 1172 2420 proximo

129 2438 251 2507 heredi
273 2438 409 2509 tradere
429 2441 598 2510 solebant.
621 2466 653 2511 v.
676 2444 802 2534 Nepot.
829 2442 929 2509 Eum.
949 2463 987 2514 2.
1010 2457 1049 2508 et
1070 2440 1169 2508 Bria·

129 2575 214 2617 son.
210 2548 271 2615 de
288 2551 402 2616 Form.
422 2534 497 2623 VH.
521 2578 557 2643 p.
548 2555 650 2642 592.

177 2651 239 2731 74
285 2659 491 2744 Apollinem
517 2660 757 2741 Temenitem,
776 2661 800 2724 i.
820 2681 850 2724 e.
865 2671 1014 2722 statuam
1032 2653 1169 2746 Apolli·

132 2757 185 2820 nis
215 2757 361 2848 positam
394 2758 431 2824 in
466 2760 642 2843 Temeno,
674 2756 750 2822 loeo
777 2781 888 2850 prope
916 2756 1131 2845 Syracusas..
1143 2767 1170 2821 ’2.

131 2864 214 2931 Cic..
227 2865 330 2932 Verr.
351 2863 411 2929 IV.
435 2860 714 2935 53.1et1nu.ssad
734 2862 770 2931 h.
793 2862 819 2931 l.

172 2973 311 3055 Phari,
336 2971 503 3037 dlountur
529 2990 645 3035 omues
670 2971 854 3058 speculae,
887 2968 931 3036 ud
956 2968 1172 3057 dirigendum

132 3099 269 3142 cursum
288 3079 427 3146 navium
448 3080 598 3168 positae,
620 3072 664 3142 ad
683 3075 878 3166 exemplum
895 3078 1001 3146 Phari
1016 3076 1170 3147 Alexan-

130 3183 262 3248 drinae.
285 3206 318 3251 v.
342 3182 450 3268 Calig.
472 3184 527 3252 46.
552 3179 674 3249 Claud.
696 3205 749 3251 20.

110 3330 114 3337 ·
178 3291 240 3368 75,
276 3292 396 3356 Morte
415 3294 586 3358 laetatae.
609 3280 695 3357 cod'.
715 3294 862 3379 optimus
883 3293 989 3360 habet
1007 3310 1175 3377 mortem.

130 3391 277 3477 eleganti
306 3391 505 3458 Graecismo
534 3411 600 3480 pro
629 3392 672 3457 ob
696 3408 852 3459 mortem.
905 3393 1172 3482 saepedictos,

131 3498 301 3584 gaudeo,
334 3497 455 3583 doleo,
491 3521 628 3565 moereo
658 3518 736 3562 cum
766 3520 879 3566 aeuus.
914 3515 1172 3575 construuntur.

133 3601 273 3688 Apulei.
294 3605 381 3670 Met.
400 3606 429 3673 I.
451 3629 488 3698 p.
510 3609 561 3675 65.
597 3607 691 3695 quod
714 3606 927 3695 beneficium
942 3608 1057 3674 etiam
1074 3610 1174 3677 illum

134 3711 241 3775 credo
261 3713 407 3780 laeteri.
430 3739 461 3781 v.
481 3717 564 3782 Intt.
585 3713 629 3779 ed
648 3713 683 3780 h.
704 3710 730 3779 l.

111 3864 114 3869 -
176 3817 249 3883 Dii
272 3818 420 3901 Moneo,
443 3839 524 3888 sunt
551 3824 608 3889 Dii
629 3818 751 3901 inferi,
782 3819 852 3885 sive
883 3817 1073 3887 multiludo
1097 3819 1173 3886 aui-

54 3965 56 3968 ·
108 3946 265 3988 ¹marum
289 3922 343 3990 vel
373 3925 564 3994 Geniorum
592 3929 629 3993 in
659 3924 779 4015 inieris
807 3924 891 3990 loeis
924 3925 1120 3998 coniuncta.
1146 3947 1173 3992 v.

135 4033 291 4099 l’erizon.
313 4029 356 4096 ad
380 4032 496 4104 Sauet.
514 4023 603 4106 uun.
618 4034 678 4104 IV.
702 4034 752 4104 16.
776 4056 813 4120 p.
834 4032 911 4103 824.
977 4072 984 4087 =
1107 4078 1111 4087 ·

1132 4106 1174 4206 ’2.
