2580 4942
456 244 861 333 cintonnn
1055 265 1185 353 '2n

133 438 205 508 iici
225 463 269 505 aa
292 441 417 508 venire
447 441 650 528 imperavit.
674 461 706 503 v.
732 426 859 508 Duker.
887 436 936 504 ad
958 438 1050 509 Flor.
1075 444 1120 511 11.
1147 453 1181 517 6.

139 572 179 640 p.
198 551 280 629 322..
296 564 331 615 et
346 549 483 615 Ernest.
502 544 545 612 ad
566 545 602 613 h.
621 541 647 610 l.

179 655 308 722 Liceri
330 639 460 719 dicitur
481 666 611 732 emtor,
635 648 696 739 qui
716 673 782 741 pro
808 674 864 735 re,
889 677 975 745 qnae
993 654 1182 744 venditur,

134 763 288 855 pretinm
304 761 487 853 promittit.
509 785 542 827 v.
563 760 660 826 Caes.
676 781 727 828 2ο.
759 758 862 828 Unde
877 763 1043 850 polliceri
1054 812 1065 848 ,
1087 766 1185 857 quasi

128 875 331 960 proliceri‚
354 873 392 938 in
419 893 544 958 genere
565 884 617 934 est
640 869 853 957 promittere.
898 867 969 938 Sed
996 869 1185 963 aliquando

136 980 238 1057 etiam
263 976 424 1048 venditor
448 977 576 1045 dicitur
610 977 735 1060 liceri,
765 993 804 1043 ut
830 962 873 1044 h.
896 976 921 1044 l.
953 979 1044 1055 Plin.
1072 980 1116 1046 H.
1138 982 1182 1047 N.

135 1088 285 1157 XXXV.
310 1111 362 1157 1ο.
395 1089 525 1176 quanti
542 1086 751 1154 &citaretur
774 1108 883 1175 opero
905 1084 1049 1175 efficta.
1072 1086 1133 1152 ubi
1150 1107 1183 1155 v.

133 1197 288 1265 Gronov.
655 1212 656 1216 ’
713 1215 715 1218 ’

183 1304 244 1378 39.
289 1303 565 1371 Damnatorzam
589 1325 753 1369 eororam
779 1314 1002 1370 ornamento.
1045 1299 1183 1367 Palma-

133 1401 188 1470 ria
206 1422 257 1471 est
274 1402 469 1471 emendatio
486 1401 537 1471 Cl.
561 1399 827 1491 Oudendorpiit
850 1403 1104 1469 damnatorum
1120 1426 1182 1466 oo-

132 1515 274 1581 ciorum
306 1527 529 1580 ornamenta.
593 1511 682 1584 Nam
707 1510 773 1579 Dio
800 1511 894 1577 Cass.
919 1510 1012 1578 LIX.
1048 1534 1086 1601 p.
1105 1512 1180 1600 925.

130 1621 277 1705 scribit,
324 1619 511 1708 Caligulam
543 1620 635 1687 hona
666 1615 961 1707 provincialium,
995 1640 1079 1708 quos
1111 1611 1179 1683 da·

130 1746 303 1813 mnasset‚
332 1726 540 1797 vendidisse.
591 1728 817 1796 Ornamenta
841 1743 922 1793 sunt
945 1725 1089 1816 pretiosi
1111 1748 1179 1815 ap·

129 1853 273 1923 paratus
293 1837 467 1905 militares.
490 1838 562 1903 Tit.
583 1861 613 1927 9.
635 1847 847 1902 ornamento
866 1836 1129 1926 pugnantinm.
1164 1874 1166 1881 ·

181 1941 405 2030 0111111111,
435 1944 603 2037 exquisite
630 1941 760 2008 dicitur
782 1965 848 2033 pro
870 1944 908 2008 in
935 1956 1088 2031 tempore
1113 1961 1177 2006 ve-

132 2046 238 2132 nire,
261 2047 319 2116 die
348 2050 445 2120 dicto
471 2070 610 2143 praesto
636 2074 719 2118 esse.
752 2049 857 2120 ovid.
876 2051 937 2120 IV.
961 2048 1072 2116 ex.P.'
1089 2071 1120 2136 9.
1147 2046 1178 2114 5·

129 2152 321 2244 Missaque
341 2157 399 2223 Di
416 2158 569 2248 fociant
585 2158 776 2251 Auroram
800 2172 971 2228 occurrat
994 2159 1045 2225 od
1064 2158 1177 2253 ildtm.

130 2257 209 2324 Liv.
237 2258 334 2326 XXI.
358 2264 412 2330 61.
442 2269 495 2335 ad
514 2270 679 2357 primam
706 2266 900 2337 adventum
931 2267 1179 2344 Romanorum

129 2387 365 2434 occursurus.
388 2391 421 2438 v.
448 2377 602 2443 Gronov.
624 2374 666 2441 ad
690 2375 841 2443 Senecae
867 2376 911 2444 ΙΙ.
935 2377 1102 2443 Controv.
1124 2397 1175 2445 11.

131 2472 258 2541 Graev.
279 2472 323 2539 ad
342 2477 450 2548 Coelii
470 2483 537 2572 Ep.
562 2485 595 2552 8.
618 2500 652 2550 et
672 2484 757 2549 Intt.
783 2481 827 2549 ad
843 2484 918 2553 Liv.
938 2483 1102 2552 XXXVI.
1121 2483 1175 2553 24.

181 2581 384 2653 Occurrere
413 2588 465 2655 ad
487 2570 748 2656 vadimoninm.
801 2589 873 2679 Qui
900 2613 936 2657 se
961 2591 1051 2656 sistit
1072 2588 1182 2655 vadi-

128 2691 249 2759 monio
276 2695 474 2781 promisso,
516 2696 659 2785 proprie
689 2696 822 2767 dicitur.
848 2698 899 2764 ad
927 2697 1177 2765 vadimonium

131 2824 348 2884 occurrere,
370 2804 619 2870 vadimonium
642 2806 790 2889 sistere,
814 2806 937 2897 obire:
960 2805 1075 2896 quise
1104 2827 1177 2871 non

87 2981 92 2991 ,
128 2910 236 2993 sistit,
258 2910 509 2978 vadimonium
525 2913 702 2979 deserere.
720 2935 751 2980 v.
767 2914 883 2998 Sigon.
899 2911 943 2980 de
953 2911 1061 2981 Iudic.
1078 2914 1107 2980 Ι.
1123 2935 1175 2983 2ο.

176 3019 318 3086 Conona
339 3021 524 3088 caderent.
552 3021 699 3087 Causea
712 3035 764 3085 ast
778 3044 1005 3115 quaecunque
1029 3037 1175 3089 contro·

127 3127 242 3194 versia
270 3125 448 3198 forensis:
482 3153 585 3221 quam
615 3128 684 3223 qui.
704 3123 851 3214 perdit,
882 3152 1014 3198 causeo
1046 3129 1177 3196 eadere

131 3233 276 3302 dicitur.
301 3237 375 3303 Cic.
401 3234 446 3302 ad
468 3238 544 3306 Div.
566 3237 643 3306 VII.
672 3237 723 3305 14.
746 3237 866 3306 minua
888 3239 997 3306 multi
1015 3237 1116 3320 iam,
1140 3250 1176 3303 te

90 3332 96 3344 ⁵
128 3343 326 3424 advocate,
350 3368 483 3414 causeo
503 3348 644 3414 cadent.
669 3344 850 3417 Othon.'5.
872 3372 922 3414 on
949 3343 1084 3431 infero
1110 3344 1176 3410 aab

128 3452 372 3518 creditoribus
389 3455 547 3522 caderet.
568 3478 601 3522 r.
617 3453 767 3520 Brisson.
790 3451 834 3519 de
849 3455 965 3521 Form.
983 3454 1026 3522 V.
1047 3477 1084 3542 p·
1101 3455 1178 3523 566.

173 3561 447 3643 Distrahendo,
469 3560 492 3628 i.
512 3585 542 3628 e.
566 3557 763 3628 vendendo.
785 3562 892 3650 Vesp.
913 3563 965 3628 16.
988 3560 1176 3627 coemendo

129 3669 336 3755 quaedam,
359 3682 403 3738 ut
417 3671 543 3759 pluria
555 3682 688 3757 posteo
711 3666 947 3737 distraheret.
969 3691 1002 3736 v.
1023 3670 1174 3740 Brisson.

128 3773 175 3841 de
201 3777 246 3845 V.
270 3776 306 3843 S.
1090 3787 1094 3794 ’

88 3875 93 3883 ’
173 3885 388 3970 Lenocz'nii,
410 3888 435 3955 i.
460 3909 490 3954 e.
513 3883 617 3952 salsae
642 3878 959 3951 commendationis.
990 3882 1114 3952 Claud.
1142 3908 1175 3971 7.
1218 3890 1221 3897 '

126 3996 325 4066 recondam
341 3996 647 4066 exiatimotioaem
672 3990 839 4059 omnibns
860 3992 1046 4061 lenociniis
1070 3993 1175 4057 colli-

124 4117 249 4191 gente.
326 4176 329 4181 ,
695 4099 718 4171 S
742 4098 763 4168 4
1101 4096 1174 4165 Co·
