<?xml version="1.0" encoding="UTF-8"?>
<!DOCTYPE html PUBLIC "-//W3C//DTD XHTML 1.0 Transitional//EN"
    "http://www.w3.org/TR/xhtml1/DTD/xhtml1-transitional.dtd">
<html xmlns="http://www.w3.org/1999/xhtml" xml:lang="en" lang="en">
 <head>
  <title>
</title>
<meta http-equiv="Content-Type" content="text/html;charset=utf-8" />
  <meta name='ocr-system' content='tesseract 3.04.00' />
  <meta name='ocr-capabilities' content='ocr_page ocr_carea ocr_par ocr_line ocrx_word'/>
</head>
<body>
  <div class='ocr_page' id='page_1' title='image "./davruhnkeniisch00ruhngoog_0363.png"; bbox 0 0 2580 4942; ppageno 0'>
   <div class='ocr_carea' id='block_1_1' title="bbox 201 317 999 435">
    <p class='ocr_par' dir='ltr' id='par_1_1' title="bbox 201 317 999 435">
     <span class='ocr_line' id='line_1_1' title="bbox 201 317 999 435; baseline -0.015 -30"><span class='ocrx_word' id='word_1_1' title='bbox 201 340 266 419; x_wconf 70' lang='lat'><strong><em>343</em></strong></span> <span class='ocrx_word' id='word_1_2' title='bbox 494 317 999 435; x_wconf 67' lang='lat' dir='ltr'><strong><em>susumus</em></strong></span> 
     </span>
    </p>
   </div>
   <div class='ocr_carea' id='block_1_2' title="bbox 197 504 1240 824">
    <p class='ocr_par' dir='ltr' id='par_1_2' title="bbox 197 504 1240 824">
     <span class='ocr_line' id='line_1_2' title="bbox 197 504 1239 621; baseline -0.011 -25"><span class='ocrx_word' id='word_1_3' title='bbox 197 529 408 621; x_wconf 65' lang='lat' dir='ltr'><strong><em>Epularum</em></strong></span> <span class='ocrx_word' id='word_1_4' title='bbox 436 513 554 608; x_wconf 79' lang='lat' dir='ltr'><strong><em>fhecia</em></strong></span> <span class='ocrx_word' id='word_1_5' title='bbox 591 528 631 585; x_wconf 84' lang='lat' dir='ltr'><strong><em>et</em></strong></span> <span class='ocrx_word' id='word_1_6' title='bbox 673 507 900 602; x_wconf 73' lang='lat' dir='ltr'><strong><em>inexplebilis·</em></strong></span> <span class='ocrx_word' id='word_1_7' title='bbox 920 504 1081 579; x_wconf 59' lang='lat' dir='ltr'><strong><em>Elidos</em></strong></span> <span class='ocrx_word' id='word_1_8' title='bbox 1101 513 1239 585; x_wconf 60' lang='lat' dir='ltr'><strong><em>irrisus</em></strong></span> 
     </span>
     <span class='ocr_line' id='line_1_3' title="bbox 200 616 1240 719; baseline -0.018 -11"><span class='ocrx_word' id='word_1_9' title='bbox 200 649 325 708; x_wconf 88' lang='lat' dir='ltr'><strong><em>menta</em></strong></span> <span class='ocrx_word' id='word_1_10' title='bbox 343 629 453 719; x_wconf 84' lang='lat' dir='ltr'><strong><em>gulae</em></strong></span> <span class='ocrx_word' id='word_1_11' title='bbox 471 623 724 714; x_wconf 66' lang='lat' dir='ltr'><strong><em>gestabantur.</em></strong></span> <span class='ocrx_word' id='word_1_12' title='bbox 776 616 845 687; x_wconf 84' lang='lat' dir='ltr'><strong><em>Ins.</em></strong></span> <span class='ocrx_word' id='word_1_13' title='bbox 860 619 912 687; x_wconf 77' lang='lat'><strong><em>15.</em></strong></span> <span class='ocrx_word' id='word_1_14' title='bbox 945 638 1016 682; x_wconf 92' lang='lat' dir='ltr'><strong><em>non</em></strong></span> <span class='ocrx_word' id='word_1_15' title='bbox 1027 617 1240 706; x_wconf 79' lang='lat' dir='ltr'><strong><em>profiendae</em></strong></span> 
     </span>
     <span class='ocr_line' id='line_1_4' title="bbox 201 722 1239 824; baseline -0.008 -22"><span class='ocrx_word' id='word_1_16' title='bbox 201 745 326 824; x_wconf 75' lang='lat' dir='ltr'><strong><em>modo,</em></strong></span> <span class='ocrx_word' id='word_1_17' title='bbox 348 737 413 806; x_wconf 74' lang='lat' dir='ltr'><strong><em>secl</em></strong></span> <span class='ocrx_word' id='word_1_18' title='bbox 424 732 693 820; x_wconf 78' lang='lat' dir='ltr'><strong><em>intempestiuae</em></strong></span> <span class='ocrx_word' id='word_1_19' title='bbox 715 750 854 818; x_wconf 79' lang='lat' dir='ltr'><strong><em>quoque</em></strong></span> <span class='ocrx_word' id='word_1_20' title='bbox 869 724 917 791; x_wconf 87' lang='lat' dir='ltr'><strong><em>ac&#39;</em></strong></span> <span class='ocrx_word' id='word_1_21' title='bbox 932 722 1106 793; x_wconf 78' lang='lat' dir='ltr'><strong><em>sordidae</em></strong></span> <span class='ocrx_word' id='word_1_22' title='bbox 1118 732 1239 816; x_wconf 84' lang='lat' dir='ltr'><strong><em>gulae.</em></strong></span> 
     </span>
    </p>
   </div>
   <div class='ocr_carea' id='block_1_3' title="bbox 100 836 483 921">
    <p class='ocr_par' dir='ltr' id='par_1_3' title="bbox 100 836 483 921">
     <span class='ocr_line' id='line_1_5' title="bbox 100 836 483 921; baseline -0.034 0"><span class='ocrx_word' id='word_1_23' title='bbox 100 851 107 863; x_wconf 80' lang='grc'><strong>’</strong></span> <span class='ocrx_word' id='word_1_24' title='bbox 203 854 266 921; x_wconf 90' lang='lat' dir='ltr'><strong><em>ubi</em></strong></span> <span class='ocrx_word' id='word_1_25' title='bbox 284 875 317 920; x_wconf 86' lang='lat' dir='ltr'><strong><em>v.</em></strong></span> <span class='ocrx_word' id='word_1_26' title='bbox 337 836 483 914; x_wconf 60' lang='lat' dir='ltr'><strong><em>casaub.</em></strong></span> 
     </span>
    </p>
   </div>
   <div class='ocr_carea' id='block_1_4' title="bbox 243 938 1241 1031">
    <p class='ocr_par' dir='ltr' id='par_1_4' title="bbox 243 938 1241 1031">
     <span class='ocr_line' id='line_1_6' title="bbox 243 938 1241 1031; baseline -0.018 -5"><span class='ocrx_word' id='word_1_27' title='bbox 243 957 440 1025; x_wconf 83' lang='lat' dir='ltr'><strong><em>contemta.</em></strong></span> <span class='ocrx_word' id='word_1_28' title='bbox 488 947 721 1016; x_wconf 73' lang='lat' dir='ltr'><strong><em>Contemnere</em></strong></span> <span class='ocrx_word' id='word_1_29' title='bbox 740 940 884 1030; x_wconf 78' lang='lat' dir='ltr'><strong><em>aliquid</em></strong></span> <span class='ocrx_word' id='word_1_30' title='bbox 909 938 1083 1031; x_wconf 81' lang='lat' dir='ltr'>exquisite</span> <span class='ocrx_word' id='word_1_31' title='bbox 1112 938 1241 1019; x_wconf 59' lang='lat' dir='ltr'><strong><em>dicum,</em></strong></span> 
     </span>
    </p>
   </div>
   <div class='ocr_carea' id='block_1_5' title="bbox 191 1043 1245 1151">
    <p class='ocr_par' dir='ltr' id='par_1_5' title="bbox 191 1043 1245 1151">
     <span class='ocr_line' id='line_1_7' title="bbox 191 1043 1245 1151; baseline -0.005 -28"><span class='ocrx_word' id='word_1_32' title='bbox 191 1081 282 1148; x_wconf 62' lang='lat' dir='ltr'><strong><em>sur,</em></strong></span> <span class='ocrx_word' id='word_1_33' title='bbox 305 1061 367 1151; x_wconf 91' lang='lat' dir='ltr'><strong><em>qui</em></strong></span> <span class='ocrx_word' id='word_1_34' title='bbox 387 1080 423 1123; x_wconf 85' lang='lat' dir='ltr'><strong><em>se</em></strong></span> <span class='ocrx_word' id='word_1_35' title='bbox 442 1056 521 1126; x_wconf 83' lang='lat' dir='ltr'><strong><em>satis</em></strong></span> <span class='ocrx_word' id='word_1_36' title='bbox 541 1072 632 1124; x_wconf 83' lang='lat' dir='ltr'><strong><em>tutos</em></strong></span> <span class='ocrx_word' id='word_1_37' title='bbox 654 1055 697 1122; x_wconf 80' lang='lat' dir='ltr'><strong><em>ab</em></strong></span> <span class='ocrx_word' id='word_1_38' title='bbox 721 1078 762 1124; x_wconf 91' lang='lat' dir='ltr'><strong><em>eo</em></strong></span> <span class='ocrx_word' id='word_1_39' title='bbox 782 1055 927 1144; x_wconf 76' lang='lat' dir='ltr'><strong><em>puteus,</em></strong></span> <span class='ocrx_word' id='word_1_40' title='bbox 950 1047 1011 1136; x_wconf 86' lang='lat' dir='ltr'><strong><em>qui</em></strong></span> <span class='ocrx_word' id='word_1_41' title='bbox 1027 1043 1130 1114; x_wconf 87' lang='lat' dir='ltr'><strong><em>nullo</em></strong></span> <span class='ocrx_word' id='word_1_42' title='bbox 1144 1047 1245 1118; x_wconf 75' lang='lat' dir='ltr'><strong><em>modo</em></strong></span> 
     </span>
    </p>
   </div>
   <div class='ocr_carea' id='block_1_6' title="bbox 192 1150 1245 2662">
    <p class='ocr_par' dir='ltr' id='par_1_6' title="bbox 192 1150 1243 1557">
     <span class='ocr_line' id='line_1_8' title="bbox 201 1150 1242 1258; baseline -0.015 -19"><span class='ocrx_word' id='word_1_43' title='bbox 201 1166 293 1240; x_wconf 84' lang='lat' dir='ltr'><strong><em>illud</em></strong></span> <span class='ocrx_word' id='word_1_44' title='bbox 310 1176 478 1232; x_wconf 86' lang='lat' dir='ltr'><strong><em>metuunt.</em></strong></span> <span class='ocrx_word' id='word_1_45' title='bbox 514 1163 597 1232; x_wconf 73' lang='lat' dir='ltr'><strong><em>Cic.</em></strong></span> <span class='ocrx_word' id='word_1_46' title='bbox 613 1185 680 1258; x_wconf 87' lang='lat' dir='ltr'><strong><em>pro</em></strong></span> <span class='ocrx_word' id='word_1_47' title='bbox 698 1158 824 1228; x_wconf 86' lang='lat' dir='ltr'><strong><em>Milon.</em></strong></span> <span class='ocrx_word' id='word_1_48' title='bbox 841 1160 875 1226; x_wconf 90' lang='grc'><strong><em>6.</em></strong></span> <span class='ocrx_word' id='word_1_49' title='bbox 902 1150 1056 1222; x_wconf 67' lang='lat' dir='ltr'><strong><em>&#39;tudina</em></strong></span> <span class='ocrx_word' id='word_1_50' title='bbox 1062 1176 1242 1242; x_wconf 83' lang='lat' dir='ltr'><strong><em>poenam·</em></strong></span> 
     </span>
     <span class='ocr_line' id='line_1_9' title="bbox 192 1262 1243 1368; baseline -0.014 -22"><span class='ocrx_word' id='word_1_51' title='bbox 192 1302 272 1368; x_wconf 63' lang='lat' dir='ltr'><strong><em>que</em></strong></span> <span class='ocrx_word' id='word_1_52' title='bbox 293 1282 545 1343; x_wconf 66' lang='lat' dir='ltr'><strong><em>contemnerent.</em></strong></span> <span class='ocrx_word' id='word_1_53' title='bbox 587 1270 715 1339; x_wconf 83' lang='lat' dir='ltr'><strong><em>Horat.</em></strong></span> <span class='ocrx_word' id='word_1_54' title='bbox 735 1265 851 1360; x_wconf 84' lang='lat' dir='ltr'><strong><em>Epod.</em></strong></span> <span class='ocrx_word' id='word_1_55' title='bbox 867 1265 929 1335; x_wconf 89' lang='lat' dir='ltr'><strong><em>IV.</em></strong></span> <span class='ocrx_word' id='word_1_56' title='bbox 951 1265 1019 1332; x_wconf 75' lang='lat'><strong><em>16.·=</em></strong></span> <span class='ocrx_word' id='word_1_57' title='bbox 1037 1262 1243 1331; x_wconf 72' lang='lat' dir='ltr'><strong><em>Sedilibus·</em></strong></span> 
     </span>
     <span class='ocr_line' id='line_1_10' title="bbox 201 1366 1242 1477; baseline -0.008 -27"><span class='ocrx_word' id='word_1_58' title='bbox 201 1407 270 1477; x_wconf 79' lang='lat' dir='ltr'><strong><em>que</em></strong></span> <span class='ocrx_word' id='word_1_59' title='bbox 293 1399 447 1468; x_wconf 89' lang='lat' dir='ltr'><strong><em>magnus</em></strong></span> <span class='ocrx_word' id='word_1_60' title='bbox 473 1378 512 1443; x_wconf 94' lang='lat' dir='ltr'><strong><em>in</em></strong></span> <span class='ocrx_word' id='word_1_61' title='bbox 531 1376 670 1464; x_wconf 82' lang='lat' dir='ltr'><strong><em>primis</em></strong></span> <span class='ocrx_word' id='word_1_62' title='bbox 689 1366 809 1464; x_wconf 78' lang='lat' dir='ltr'><strong><em>eques</em></strong></span> <span class='ocrx_word' id='word_1_63' title='bbox 823 1371 963 1440; x_wconf 82' lang='lat' dir='ltr'><strong><em>Otlrone</em></strong></span> <span class='ocrx_word' id='word_1_64' title='bbox 980 1380 1164 1440; x_wconf 85' lang='lat' dir='ltr'><strong><em>contemto</em></strong></span> <span class='ocrx_word' id='word_1_65' title='bbox 1187 1398 1242 1442; x_wconf 58' lang='lat' dir='ltr'><strong><em>soa·</em></strong></span> 
     </span>
     <span class='ocr_line' id='line_1_11' title="bbox 194 1481 656 1557; baseline -0.026 0"><span class='ocrx_word' id='word_1_66' title='bbox 194 1488 278 1557; x_wconf 71' lang='lat' dir='ltr'><strong><em>det.</em></strong></span> <span class='ocrx_word' id='word_1_67' title='bbox 306 1487 368 1553; x_wconf 84' lang='lat' dir='ltr'><strong><em>uhi</em></strong></span> <span class='ocrx_word' id='word_1_68' title='bbox 386 1509 418 1554; x_wconf 89' lang='lat' dir='ltr'><strong><em>v.</em></strong></span> <span class='ocrx_word' id='word_1_69' title='bbox 438 1481 599 1552; x_wconf 75' lang='lat' dir='ltr'><strong><em>Bentlei·</em></strong></span> <span class='ocrx_word' id='word_1_70' title='bbox 650 1534 656 1545; x_wconf 91' lang='lat'><strong><em>.</em></strong></span> 
     </span>
    </p>

    <p class='ocr_par' dir='ltr' id='par_1_7' title="bbox 192 1581 1242 1990">
     <span class='ocr_line' id='line_1_12' title="bbox 247 1581 1242 1681; baseline -0.004 -20"><span class='ocrx_word' id='word_1_71' title='bbox 247 1596 488 1661; x_wconf 83' lang='lat' dir='ltr'><strong><em>Intercertere</em></strong></span> <span class='ocrx_word' id='word_1_72' title='bbox 507 1581 636 1674; x_wconf 82' lang='lat' dir='ltr'><strong><em>estid,</em></strong></span> <span class='ocrx_word' id='word_1_73' title='bbox 660 1589 756 1679; x_wconf 88' lang='lat' dir='ltr'><strong><em>quod</em></strong></span> <span class='ocrx_word' id='word_1_74' title='bbox 779 1588 918 1658; x_wconf 83' lang='lat' dir='ltr'><strong><em>alterius</em></strong></span> <span class='ocrx_word' id='word_1_75' title='bbox 937 1606 1008 1674; x_wconf 88' lang='lat' dir='ltr'><strong><em>est,</em></strong></span> <span class='ocrx_word' id='word_1_76' title='bbox 1031 1612 1242 1681; x_wconf 80' lang='lat' dir='ltr'><strong><em>quoeunque</em></strong></span> 
     </span>
     <span class='ocr_line' id='line_1_13' title="bbox 193 1694 1242 1793; baseline 0.003 -27"><span class='ocrx_word' id='word_1_77' title='bbox 193 1697 309 1793; x_wconf 68' lang='lat' dir='ltr'><strong><em>,mulio</em></strong></span> <span class='ocrx_word' id='word_1_78' title='bbox 331 1694 375 1763; x_wconf 87' lang='lat' dir='ltr'><strong><em>ud</em></strong></span> <span class='ocrx_word' id='word_1_79' title='bbox 398 1719 434 1764; x_wconf 87' lang='lat' dir='ltr'><strong><em>se</em></strong></span> <span class='ocrx_word' id='word_1_80' title='bbox 454 1697 604 1766; x_wconf 81' lang='lat' dir='ltr'><strong><em>trahere.</em></strong></span> <span class='ocrx_word' id='word_1_81' title='bbox 659 1699 734 1777; x_wconf 87' lang='lat' dir='ltr'><strong><em>Cio.</em></strong></span> <span class='ocrx_word' id='word_1_82' title='bbox 754 1698 948 1770; x_wconf 74' lang='lat' dir='ltr'><strong><em>ilem-iv.</em></strong></span> <span class='ocrx_word' id='word_1_83' title='bbox 963 1702 1018 1771; x_wconf 77' lang='lat' dir='ltr'><strong><em>so.</em></strong></span> <span class='ocrx_word' id='word_1_84' title='bbox 1048 1703 1242 1770; x_wconf 75' lang='lat' dir='ltr'><strong><em>interverso</em></strong></span> 
     </span>
     <span class='ocr_line' id='line_1_14' title="bbox 207 1790 1242 1899; baseline 0.001 -21"><span class='ocrx_word' id='word_1_85' title='bbox 207 1807 326 1897; x_wconf 86' lang='lat' dir='ltr'><strong><em>regali</em></strong></span> <span class='ocrx_word' id='word_1_86' title='bbox 346 1805 447 1872; x_wconf 80' lang='lat' dir='ltr'><strong><em>dono.</em></strong></span> <span class='ocrx_word' id='word_1_87' title='bbox 502 1807 737 1893; x_wconf 78' lang='lat' dir='ltr'><strong><em>Petron.107.</em></strong></span> <span class='ocrx_word' id='word_1_88' title='bbox 765 1807 801 1876; x_wconf 88' lang='lat' dir='ltr'><strong><em>si</em></strong></span> <span class='ocrx_word' id='word_1_89' title='bbox 820 1807 1112 1879; x_wconf 69' lang='lat' dir='ltr'><strong><em>intervertissent</em></strong></span> <span class='ocrx_word' id='word_1_90' title='bbox 1131 1790 1242 1899; x_wconf 69' lang='lat' dir='ltr'><strong><em>pecu⁴</em></strong></span> 
     </span>
     <span class='ocr_line' id='line_1_15' title="bbox 192 1916 859 1990; baseline -0.007 -2"><span class='ocrx_word' id='word_1_91' title='bbox 192 1916 306 1988; x_wconf 79' lang='lat' dir='ltr'><strong><em>¹niam</em></strong></span> <span class='ocrx_word' id='word_1_92' title='bbox 327 1927 501 1985; x_wconf 81' lang='lat' dir='ltr'><strong><em>vestram.</em></strong></span> <span class='ocrx_word' id='word_1_93' title='bbox 630 1960 633 1965; x_wconf 94' lang='lat'>-</span> <span class='ocrx_word' id='word_1_94' title='bbox 855 1982 859 1990; x_wconf 85' lang='grc'><strong>,</strong></span> 
     </span>
    </p>

    <p class='ocr_par' dir='ltr' id='par_1_8' title="bbox 250 2022 1228 2127">
     <span class='ocr_line' id='line_1_16' title="bbox 250 2022 1228 2127; baseline 0.004 -32"><span class='ocrx_word' id='word_1_95' title='bbox 250 2025 463 2095; x_wconf 84' lang='lat' dir='ltr'><strong><em>Formulum</em></strong></span> <span class='ocrx_word' id='word_1_96' title='bbox 477 2024 711 2108; x_wconf 52' lang='lat' dir='ltr'><strong><em>intendissem</em></strong></span> <span class='ocrx_word' id='word_1_97' title='bbox 734 2022 759 2091; x_wconf 84' lang='lat' dir='ltr'><strong><em>i.</em></strong></span> <span class='ocrx_word' id='word_1_98' title='bbox 777 2041 808 2093; x_wconf 84' lang='lat' dir='ltr'><strong><em>e.</em></strong></span> <span class='ocrx_word' id='word_1_99' title='bbox 827 2025 1005 2099; x_wconf 77' lang='lat' dir='ltr'><strong><em>actionem.</em></strong></span> <span class='ocrx_word' id='word_1_100' title='bbox 1028 2026 1155 2097; x_wconf 72' lang='lat' dir='ltr'><strong><em>claud.</em></strong></span> <span class='ocrx_word' id='word_1_101' title='bbox 1166 2030 1228 2127; x_wconf 28' lang='lat'><strong><em>¹14.</em></strong></span> 
     </span>
    </p>

    <p class='ocr_par' dir='ltr' id='par_1_9' title="bbox 193 2126 1243 2326">
     <span class='ocr_line' id='line_1_17' title="bbox 242 2126 1243 2222; baseline 0.005 -23"><span class='ocrx_word' id='word_1_102' title='bbox 242 2133 407 2222; x_wconf 83' lang='lat' dir='ltr'><strong><em>&#39;Supinis</em></strong></span> <span class='ocrx_word' id='word_1_103' title='bbox 427 2132 614 2216; x_wconf 86' lang='lat' dir='ltr'><strong><em>manibus,</em></strong></span> <span class='ocrx_word' id='word_1_104' title='bbox 646 2131 670 2196; x_wconf 88' lang='lat' dir='ltr'><strong><em>i.</em></strong></span> <span class='ocrx_word' id='word_1_105' title='bbox 690 2152 721 2197; x_wconf 90' lang='lat' dir='ltr'><strong><em>e.</em></strong></span> <span class='ocrx_word' id='word_1_106' title='bbox 750 2126 933 2203; x_wconf 82' lang='lat' dir='ltr'><strong><em>lectissimo</em></strong></span> <span class='ocrx_word' id='word_1_107' title='bbox 961 2137 1088 2209; x_wconf 80' lang='lat' dir='ltr'><strong><em>animo.</em></strong></span> <span class='ocrx_word' id='word_1_108' title='bbox 1125 2159 1160 2204; x_wconf 88' lang='lat' dir='ltr'><strong><em>v.</em></strong></span> <span class='ocrx_word' id='word_1_109' title='bbox 1178 2135 1243 2210; x_wconf 74' lang='lat' dir='ltr'><strong><em>(it-j</em></strong></span> 
     </span>
     <span class='ocr_line' id='line_1_18' title="bbox 193 2239 561 2326; baseline -0.019 -15"><span class='ocrx_word' id='word_1_110' title='bbox 193 2242 309 2311; x_wconf 61' lang='grc' dir='ltr'><strong>ἐπὶ).</strong></span> <span class='ocrx_word' id='word_1_111' title='bbox 332 2239 377 2306; x_wconf 86' lang='lat' dir='ltr'><strong><em>ad</em></strong></span> <span class='ocrx_word' id='word_1_112' title='bbox 399 2240 487 2326; x_wconf 85' lang='lat' dir='ltr'>Aug.</span> <span class='ocrx_word' id='word_1_113' title='bbox 509 2239 561 2306; x_wconf 88' lang='lat'><strong><em>16.</em></strong></span> 
     </span>
    </p>

    <p class='ocr_par' dir='ltr' id='par_1_10' title="bbox 197 2343 1245 2662">
     <span class='ocr_line' id='line_1_19' title="bbox 255 2343 1245 2440; baseline -0.001 -24"><span class='ocrx_word' id='word_1_114' title='bbox 255 2349 466 2433; x_wconf 78' lang='lat' dir='ltr'><strong><em>Stabulum,</em></strong></span> <span class='ocrx_word' id='word_1_115' title='bbox 487 2369 589 2437; x_wconf 82' lang='lat' dir='ltr'><strong><em>saepe</em></strong></span> <span class='ocrx_word' id='word_1_116' title='bbox 606 2343 700 2413; x_wconf 87' lang='lat' dir='ltr'><strong><em>idem</em></strong></span> <span class='ocrx_word' id='word_1_117' title='bbox 714 2362 771 2415; x_wconf 81' lang='lat' dir='ltr'><strong><em>est</em></strong></span> <span class='ocrx_word' id='word_1_118' title='bbox 792 2347 887 2440; x_wconf 87' lang='lat' dir='ltr'><strong><em>quod</em></strong></span> <span class='ocrx_word' id='word_1_119' title='bbox 910 2348 1167 2427; x_wconf 73' lang='lat' dir='ltr'><strong><em>diversorium</em></strong></span> <span class='ocrx_word' id='word_1_120' title='bbox 1188 2346 1245 2417; x_wconf 76' lang='lat' dir='ltr'><strong><em>sesi</em></strong></span> 
     </span>
     <span class='ocr_line' id='line_1_20' title="bbox 197 2450 1243 2544; baseline -0.006 -15"><span class='ocrx_word' id='word_1_121' title='bbox 197 2459 269 2529; x_wconf 79' lang='lat' dir='ltr'><strong><em>‘hio</em></strong></span> <span class='ocrx_word' id='word_1_122' title='bbox 295 2452 425 2523; x_wconf 83' lang='lat' dir='ltr'><strong><em>dicitur</em></strong></span> <span class='ocrx_word' id='word_1_123' title='bbox 450 2453 547 2524; x_wconf 87' lang='lat' dir='ltr'><strong><em>locus</em></strong></span> <span class='ocrx_word' id='word_1_124' title='bbox 567 2450 610 2521; x_wconf 83' lang='lat' dir='ltr'><strong><em>ad</em></strong></span> <span class='ocrx_word' id='word_1_125' title='bbox 633 2454 866 2522; x_wconf 84' lang='lat' dir='ltr'><strong><em>iumentorum</em></strong></span> <span class='ocrx_word' id='word_1_126' title='bbox 885 2458 1066 2526; x_wconf 83' lang='lat' dir='ltr'><strong><em>stationem</em></strong></span> <span class='ocrx_word' id='word_1_127' title='bbox 1095 2471 1243 2544; x_wconf 82' lang='lat' dir='ltr'><strong><em>puratos.</em></strong></span> 
     </span>
     <span class='ocr_line' id='line_1_21' title="bbox 208 2559 922 2662; baseline -0.006 -28"><span class='ocrx_word' id='word_1_128' title='bbox 208 2591 243 2638; x_wconf 83' lang='lat' dir='ltr'><strong><em>v.</em></strong></span> <span class='ocrx_word' id='word_1_129' title='bbox 264 2563 407 2634; x_wconf 83' lang='lat' dir='ltr'><strong><em>Gasaub.</em></strong></span> <span class='ocrx_word' id='word_1_130' title='bbox 424 2561 469 2628; x_wconf 83' lang='lat' dir='ltr'><strong><em>ad</em></strong></span> <span class='ocrx_word' id='word_1_131' title='bbox 490 2559 724 2662; x_wconf 71' lang='lat' dir='ltr'><strong><em>Theophrast.</em></strong></span> <span class='ocrx_word' id='word_1_132' title='bbox 744 2561 850 2636; x_wconf 82' lang='lat' dir='ltr'><strong><em>Cher.</em></strong></span> <span class='ocrx_word' id='word_1_133' title='bbox 867 2589 900 2653; x_wconf 89' lang='lat'><strong><em>7.</em></strong></span> <span class='ocrx_word' id='word_1_134' title='bbox 919 2576 922 2583; x_wconf 86' lang='lat'>&#39;</span> 
     </span>
    </p>
   </div>
   <div class='ocr_carea' id='block_1_7' title="bbox 191 2660 1246 2751">
    <p class='ocr_par' dir='ltr' id='par_1_11' title="bbox 191 2660 1246 2751">
     <span class='ocr_line' id='line_1_22' title="bbox 191 2660 1246 2751; baseline 0.002 -12"><span class='ocrx_word' id='word_1_135' title='bbox 191 2704 223 2719; x_wconf 91' lang='lat'><strong><em>··</em></strong></span> <span class='ocrx_word' id='word_1_136' title='bbox 257 2672 295 2747; x_wconf 87' lang='grc'><strong><em>8.</em></strong></span> <span class='ocrx_word' id='word_1_137' title='bbox 338 2660 456 2738; x_wconf 79' lang='lat' dir='ltr'><strong><em>Nobis</em></strong></span> <span class='ocrx_word' id='word_1_138' title='bbox 472 2669 625 2751; x_wconf 70' lang='lat' dir='ltr'><strong><em>allusit,</em></strong></span> <span class='ocrx_word' id='word_1_139' title='bbox 649 2669 674 2734; x_wconf 88' lang='lat' dir='ltr'><strong><em>i.</em></strong></span> <span class='ocrx_word' id='word_1_140' title='bbox 692 2692 721 2736; x_wconf 90' lang='lat' dir='ltr'><strong><em>e.</em></strong></span> <span class='ocrx_word' id='word_1_141' title='bbox 743 2669 830 2738; x_wconf 83' lang='lat' dir='ltr'><strong><em>huss</em></strong></span> <span class='ocrx_word' id='word_1_142' title='bbox 847 2669 908 2740; x_wconf 83' lang='lat' dir='ltr'><strong><em>lux</em></strong></span> <span class='ocrx_word' id='word_1_143' title='bbox 922 2674 1028 2744; x_wconf 84' lang='lat' dir='ltr'><strong><em>uobis</em></strong></span> <span class='ocrx_word' id='word_1_144' title='bbox 1046 2691 1101 2744; x_wconf 86' lang='lat' dir='ltr'><strong><em>est</em></strong></span> <span class='ocrx_word' id='word_1_145' title='bbox 1121 2673 1246 2742; x_wconf 87' lang='lat' dir='ltr'><strong><em>bouum</em></strong></span> 
     </span>
    </p>
   </div>
   <div class='ocr_carea' id='block_1_8' title="bbox 196 2773 1247 2981">
    <p class='ocr_par' dir='ltr' id='par_1_12' title="bbox 196 2773 1247 2981">
     <span class='ocr_line' id='line_1_23' title="bbox 196 2773 828 2850; baseline 0.003 -5"><span class='ocrx_word' id='word_1_146' title='bbox 196 2802 321 2850; x_wconf 73' lang='lat' dir='ltr'><strong><em>omen.</em></strong></span> <span class='ocrx_word' id='word_1_147' title='bbox 354 2800 390 2844; x_wconf 86' lang='lat' dir='ltr'><strong><em>v.</em></strong></span> <span class='ocrx_word' id='word_1_148' title='bbox 407 2773 500 2841; x_wconf 86' lang='lat' dir='ltr'><strong><em>Flor.</em></strong></span> <span class='ocrx_word' id='word_1_149' title='bbox 520 2775 549 2841; x_wconf 90' lang='lat'><strong><em>1.</em></strong></span> <span class='ocrx_word' id='word_1_150' title='bbox 567 2777 600 2844; x_wconf 90' lang='lat'><strong><em>6.</em></strong></span> <span class='ocrx_word' id='word_1_151' title='bbox 622 2790 658 2842; x_wconf 88' lang='lat' dir='ltr'><strong><em>et</em></strong></span> <span class='ocrx_word' id='word_1_152' title='bbox 671 2776 724 2843; x_wconf 84' lang='lat' dir='ltr'><strong><em>ihi</em></strong></span> <span class='ocrx_word' id='word_1_153' title='bbox 742 2778 828 2847; x_wconf 86' lang='lat' dir='ltr'><strong><em>Iutt.</em></strong></span> 
     </span>
     <span class='ocr_line' id='line_1_24' title="bbox 258 2874 1247 2981; baseline 0.007 -34"><span class='ocrx_word' id='word_1_154' title='bbox 258 2883 295 2957; x_wconf 83' lang='lat'><strong><em>9.</em></strong></span> <span class='ocrx_word' id='word_1_155' title='bbox 339 2881 547 2948; x_wconf 87' lang='lat' dir='ltr'><strong><em>Lustratis·</em></strong></span> <span class='ocrx_word' id='word_1_156' title='bbox 558 2885 699 2981; x_wconf 84' lang='lat' dir='ltr'><strong><em>signis,</em></strong></span> <span class='ocrx_word' id='word_1_157' title='bbox 718 2874 752 2953; x_wconf 87' lang='lat' dir='ltr'><strong><em>i.</em></strong></span> <span class='ocrx_word' id='word_1_158' title='bbox 768 2910 799 2954; x_wconf 89' lang='lat' dir='ltr'><strong><em>e.</em></strong></span> <span class='ocrx_word' id='word_1_159' title='bbox 822 2911 901 2964; x_wconf 84' lang='lat' dir='ltr'><strong><em>cum</em></strong></span> <span class='ocrx_word' id='word_1_160' title='bbox 922 2890 1052 2957; x_wconf 86' lang='lat' dir='ltr'><strong><em>circum</em></strong></span> <span class='ocrx_word' id='word_1_161' title='bbox 1070 2889 1170 2974; x_wconf 82' lang='lat' dir='ltr'><strong><em>signu</em></strong></span> <span class='ocrx_word' id='word_1_162' title='bbox 1187 2902 1247 2956; x_wconf 80' lang='lat' dir='ltr'><strong><em>vo·</em></strong></span> 
     </span>
    </p>
   </div>
   <div class='ocr_carea' id='block_1_9' title="bbox 189 2978 1246 3083">
    <p class='ocr_par' dir='ltr' id='par_1_13' title="bbox 189 2978 1246 3083">
     <span class='ocr_line' id='line_1_25' title="bbox 189 2978 1246 3083; baseline 0.005 -35"><span class='ocrx_word' id='word_1_163' title='bbox 189 2981 359 3064; x_wconf 82' lang='lat' dir='ltr'><strong><em>-litasset,</em></strong></span> <span class='ocrx_word' id='word_1_164' title='bbox 382 2978 480 3067; x_wconf 81' lang='lat' dir='ltr'><strong><em>signe</em></strong></span> <span class='ocrx_word' id='word_1_165' title='bbox 508 2982 696 3050; x_wconf 85' lang='lat' dir='ltr'><strong><em>circuisset.</em></strong></span> <span class='ocrx_word' id='word_1_166' title='bbox 749 2988 931 3056; x_wconf 89' lang='lat' dir='ltr'><strong><em>Lustrare</em></strong></span> <span class='ocrx_word' id='word_1_167' title='bbox 950 2987 1098 3083; x_wconf 86' lang='lat' dir='ltr'><strong><em>proprie</em></strong></span> <span class='ocrx_word' id='word_1_168' title='bbox 1120 3003 1173 3054; x_wconf 87' lang='lat' dir='ltr'><strong><em>est</em></strong></span> <span class='ocrx_word' id='word_1_169' title='bbox 1193 3009 1246 3054; x_wconf 85' lang='lat' dir='ltr'><strong><em>su·</em></strong></span> 
     </span>
    </p>
   </div>
   <div class='ocr_carea' id='block_1_10' title="bbox 72 4368 238 4640">
    <p class='ocr_par' dir='ltr' id='par_1_14' title="bbox 72 4368 238 4640">
     <span class='ocr_line' id='line_1_26' title="bbox 72 4368 238 4640; baseline 0 -219"><span class='ocrx_word' id='word_1_170' title='bbox 72 4368 238 4640; x_wconf 37' lang='grc' dir='ltr'><strong><em>χ,</em></strong></span> 
     </span>
    </p>
   </div>
   <div class='ocr_carea' id='block_1_11' title="bbox 198 3086 1254 3405">
    <p class='ocr_par' dir='ltr' id='par_1_15' title="bbox 198 3086 1254 3405">
     <span class='ocr_line' id='line_1_27' title="bbox 198 3086 1249 3181; baseline 0.007 -25"><span class='ocrx_word' id='word_1_171' title='bbox 198 3112 270 3157; x_wconf 80' lang='lat' dir='ltr'><strong><em>ero</em></strong></span> <span class='ocrx_word' id='word_1_172' title='bbox 285 3089 435 3180; x_wconf 85' lang='lat' dir='ltr'><strong><em>expiare.</em></strong></span> <span class='ocrx_word' id='word_1_173' title='bbox 465 3098 468 3105; x_wconf 87' lang='lat'>&#39;</span> <span class='ocrx_word' id='word_1_174' title='bbox 486 3086 593 3178; x_wconf 88' lang='lat' dir='ltr'><strong><em>Quod</em></strong></span> <span class='ocrx_word' id='word_1_175' title='bbox 619 3088 783 3180; x_wconf 75' lang='lat' dir='ltr'><strong><em>quoniam</em></strong></span> <span class='ocrx_word' id='word_1_176' title='bbox 803 3095 1007 3164; x_wconf 83' lang='lat' dir='ltr'><strong><em>circuitione</em></strong></span> <span class='ocrx_word' id='word_1_177' title='bbox 1025 3094 1162 3181; x_wconf 78' lang='lat' dir='ltr'><strong><em>fiebat,</em></strong></span> <span class='ocrx_word' id='word_1_178' title='bbox 1193 3096 1249 3163; x_wconf 86' lang='lat' dir='ltr'><strong><em>lu-</em></strong></span> 
     </span>
     <span class='ocr_line' id='line_1_28' title="bbox 208 3186 1254 3300; baseline 0.007 -37"><span class='ocrx_word' id='word_1_179' title='bbox 208 3210 330 3264; x_wconf 84' lang='lat' dir='ltr'><strong><em>strare</em></strong></span> <span class='ocrx_word' id='word_1_180' title='bbox 352 3195 424 3261; x_wconf 88' lang='lat' dir='ltr'><strong><em>dici</em></strong></span> <span class='ocrx_word' id='word_1_181' title='bbox 448 3198 563 3286; x_wconf 88' lang='lat' dir='ltr'><strong><em>coepit</em></strong></span> <span class='ocrx_word' id='word_1_182' title='bbox 592 3216 660 3297; x_wconf 74' lang='lat' dir='ltr'><strong><em>pso</em></strong></span> <span class='ocrx_word' id='word_1_183' title='bbox 684 3186 845 3300; x_wconf 69' lang='lat' dir='ltr'><strong><em>oiscuire.</em></strong></span> <span class='ocrx_word' id='word_1_184' title='bbox 884 3203 1041 3273; x_wconf 74' lang='lat' dir='ltr'><strong><em>Phaedr.</em></strong></span> <span class='ocrx_word' id='word_1_185' title='bbox 1055 3203 1207 3296; x_wconf 78' lang='lat' dir='ltr'><strong><em>&#39;n1.·19.</em></strong></span> <span class='ocrx_word' id='word_1_186' title='bbox 1221 3202 1254 3275; x_wconf 74' lang='lat' dir='ltr'><strong><em>i.</em></strong></span> 
     </span>
     <span class='ocr_line' id='line_1_29' title="bbox 208 3305 1239 3405; baseline 0.007 -32"><span class='ocrx_word' id='word_1_187' title='bbox 208 3305 340 3405; x_wconf 83' lang='lat' dir='ltr'><strong><em>Ignem</em></strong></span> <span class='ocrx_word' id='word_1_188' title='bbox 359 3325 446 3391; x_wconf 89' lang='lat' dir='ltr'><strong><em>ergo</em></strong></span> <span class='ocrx_word' id='word_1_189' title='bbox 469 3328 670 3393; x_wconf 80' lang='lat' dir='ltr'><strong><em>quaerens,</em></strong></span> <span class='ocrx_word' id='word_1_190' title='bbox 690 3309 838 3405; x_wconf 20' lang='lat' dir='ltr'><strong><em>aliquot!</em></strong></span> <span class='ocrx_word' id='word_1_191' title='bbox 848 3313 1022 3381; x_wconf 80' lang='lat' dir='ltr'><strong><em>lustravit</em></strong></span> <span class='ocrx_word' id='word_1_192' title='bbox 1040 3312 1180 3391; x_wconf 72' lang='lat' dir='ltr'><strong><em>domos.</em></strong></span> <span class='ocrx_word' id='word_1_193' title='bbox 1236 3340 1239 3345; x_wconf 94' lang='lat'>·</span> 
     </span>
    </p>
   </div>
   <div class='ocr_carea' id='block_1_12' title="bbox 198 3411 1255 3605">
    <p class='ocr_par' dir='ltr' id='par_1_16' title="bbox 198 3411 1255 3605">
     <span class='ocr_line' id='line_1_30' title="bbox 198 3411 1180 3500; baseline 0.003 -15"><span class='ocrx_word' id='word_1_194' title='bbox 198 3444 205 3459; x_wconf 78' lang='lat'><em>‘</em></span> <span class='ocrx_word' id='word_1_195' title='bbox 259 3413 320 3499; x_wconf 77' lang='lat'><strong><em>10.</em></strong></span> <span class='ocrx_word' id='word_1_196' title='bbox 364 3411 530 3500; x_wconf 82' lang='lat' dir='ltr'><strong><em>Egregie</em></strong></span> <span class='ocrx_word' id='word_1_197' title='bbox 542 3435 710 3500; x_wconf 79' lang='lat' dir='ltr'><strong><em>prorsus.</em></strong></span> <span class='ocrx_word' id='word_1_198' title='bbox 757 3412 815 3479; x_wconf 71' lang='lat' dir='ltr'><strong><em>sic</em></strong></span> <span class='ocrx_word' id='word_1_199' title='bbox 833 3415 984 3487; x_wconf 83' lang='lat' dir='ltr'><strong><em>Phaedr.</em></strong></span> <span class='ocrx_word' id='word_1_200' title='bbox 1002 3419 1049 3486; x_wconf 90' lang='lat'><strong><em>11.</em></strong></span> <span class='ocrx_word' id='word_1_201' title='bbox 1068 3441 1102 3486; x_wconf 82' lang='grc' dir='ltr'><strong><em>ι.</em></strong></span> <span class='ocrx_word' id='word_1_202' title='bbox 1124 3442 1180 3489; x_wconf 85' lang='lat'><strong><em>11.</em></strong></span> 
     </span>
     <span class='ocr_line' id='line_1_31' title="bbox 216 3511 1255 3605; baseline 0.017 -31"><span class='ocrx_word' id='word_1_203' title='bbox 216 3586 219 3591; x_wconf 27' lang='grc' dir='ltr'>Ι</span> <span class='ocrx_word' id='word_1_204' title='bbox 256 3511 479 3601; x_wconf 84' lang='lat' dir='ltr'><strong><em>Magnifice,</em></strong></span> <span class='ocrx_word' id='word_1_205' title='bbox 508 3513 533 3580; x_wconf 86' lang='lat' dir='ltr'><strong><em>i.</em></strong></span> <span class='ocrx_word' id='word_1_206' title='bbox 548 3537 578 3580; x_wconf 91' lang='lat' dir='ltr'><strong><em>e.</em></strong></span> <span class='ocrx_word' id='word_1_207' title='bbox 602 3514 650 3578; x_wconf 84' lang='lat' dir='ltr'><strong><em>ita</em></strong></span> <span class='ocrx_word' id='word_1_208' title='bbox 672 3527 712 3578; x_wconf 83' lang='lat' dir='ltr'><strong><em>ut</em></strong></span> <span class='ocrx_word' id='word_1_209' title='bbox 737 3517 964 3585; x_wconf 82' lang='lat' dir='ltr'><strong><em>conveniebat</em></strong></span> <span class='ocrx_word' id='word_1_210' title='bbox 984 3542 1111 3605; x_wconf 78' lang='lat' dir='ltr'><strong><em>magno</em></strong></span> <span class='ocrx_word' id='word_1_211' title='bbox 1130 3522 1255 3592; x_wconf 80' lang='lat' dir='ltr'><strong><em>auimo.</em></strong></span> 
     </span>
    </p>
   </div>
   <div class='ocr_carea' id='block_1_13' title="bbox 199 3615 1259 3717">
    <p class='ocr_par' dir='ltr' id='par_1_17' title="bbox 199 3615 1259 3717">
     <span class='ocr_line' id='line_1_32' title="bbox 199 3615 1259 3717; baseline 0.012 -31"><span class='ocrx_word' id='word_1_212' title='bbox 199 3615 303 3686; x_wconf 71' lang='lat' dir='ltr'><strong><em>&#39;Flou</em></strong></span> <span class='ocrx_word' id='word_1_213' title='bbox 326 3622 353 3685; x_wconf 92' lang='lat' dir='ltr'><strong><em>I.</em></strong></span> <span class='ocrx_word' id='word_1_214' title='bbox 377 3624 428 3689; x_wconf 92' lang='lat'><strong><em>16.</em></strong></span> <span class='ocrx_word' id='word_1_215' title='bbox 461 3619 594 3710; x_wconf 81' lang='lat' dir='ltr'><strong><em>p.147.</em></strong></span> <span class='ocrx_word' id='word_1_216' title='bbox 629 3618 799 3686; x_wconf 82' lang='lat' dir='ltr'><strong><em>Consules</em></strong></span> <span class='ocrx_word' id='word_1_217' title='bbox 821 3623 1015 3712; x_wconf 74' lang='lat' dir='ltr'><strong><em>nusgnifice</em></strong></span> <span class='ocrx_word' id='word_1_218' title='bbox 1041 3630 1259 3717; x_wconf 79' lang='lat' dir='ltr'><strong><em>¹voluntaria</em></strong></span> 
     </span>
    </p>
   </div>
   <div class='ocr_carea' id='block_1_14' title="bbox 208 3724 1256 3898">
    <p class='ocr_par' dir='ltr' id='par_1_18' title="bbox 208 3724 1256 3898">
     <span class='ocr_line' id='line_1_33' title="bbox 208 3724 1256 3819; baseline 0.015 -30"><span class='ocrx_word' id='word_1_219' title='bbox 208 3724 390 3791; x_wconf 81' lang='lat' dir='ltr'><strong><em>deditione</em></strong></span> <span class='ocrx_word' id='word_1_220' title='bbox 418 3726 688 3812; x_wconf 81' lang='lat' dir='ltr'><strong><em>turpitudinem</em></strong></span> <span class='ocrx_word' id='word_1_221' title='bbox 709 3725 877 3819; x_wconf 76' lang='lat' dir='ltr'><strong><em>fhederis</em></strong></span> <span class='ocrx_word' id='word_1_222' title='bbox 907 3729 1100 3803; x_wconf 83' lang='lat' dir='ltr'><strong><em>dirimunt.</em></strong></span> <span class='ocrx_word' id='word_1_223' title='bbox 1138 3738 1203 3803; x_wconf 87' lang='lat' dir='ltr'><strong><em>ubi</em></strong></span> <span class='ocrx_word' id='word_1_224' title='bbox 1223 3760 1256 3808; x_wconf 80' lang='lat' dir='ltr'><strong><em>s.</em></strong></span> 
     </span>
     <span class='ocr_line' id='line_1_34' title="bbox 208 3826 881 3898; baseline 0.015 -7"><span class='ocrx_word' id='word_1_225' title='bbox 208 3826 339 3898; x_wconf 84' lang='lat' dir='ltr'><strong><em>Duker.</em></strong></span> <span class='ocrx_word' id='word_1_226' title='bbox 718 3868 721 3875; x_wconf 75' lang='lat'><em>=</em></span> <span class='ocrx_word' id='word_1_227' title='bbox 829 3844 832 3849; x_wconf 86' lang='lat'>&#39;</span> <span class='ocrx_word' id='word_1_228' title='bbox 876 3834 881 3842; x_wconf 49' lang='grc'><em>“</em></span> 
     </span>
    </p>
   </div>
   <div class='ocr_carea' id='block_1_15' title="bbox 212 3924 1258 4134">
    <p class='ocr_par' dir='ltr' id='par_1_19' title="bbox 212 3924 1258 4134">
     <span class='ocr_line' id='line_1_35' title="bbox 256 3924 1258 4045; baseline 0.021 -46"><span class='ocrx_word' id='word_1_229' title='bbox 256 3937 302 4002; x_wconf 91' lang='lat' dir='ltr'><strong><em>In</em></strong></span> <span class='ocrx_word' id='word_1_230' title='bbox 323 3938 440 4005; x_wconf 86' lang='lat' dir='ltr'><strong><em>iocum</em></strong></span> <span class='ocrx_word' id='word_1_231' title='bbox 456 3928 616 4020; x_wconf 81' lang='lat' dir='ltr'><strong><em>uertens.</em></strong></span> <span class='ocrx_word' id='word_1_232' title='bbox 660 3924 766 4045; x_wconf 78' lang='lat' dir='ltr'><strong><em>Vesp.</em></strong></span> <span class='ocrx_word' id='word_1_233' title='bbox 785 3949 839 4018; x_wconf 81' lang='lat'><strong><em>25.</em></strong></span> <span class='ocrx_word' id='word_1_234' title='bbox 870 3961 913 4017; x_wconf 84' lang='lat' dir='ltr'><strong><em>ut</em></strong></span> <span class='ocrx_word' id='word_1_235' title='bbox 933 3948 1111 4023; x_wconf 74' lang='lat' dir='ltr'><strong><em>inuidiam</em></strong></span> <span class='ocrx_word' id='word_1_236' title='bbox 1130 3965 1258 4022; x_wconf 89' lang='lat' dir='ltr'><strong><em>trans·</em></strong></span> 
     </span>
     <span class='ocr_line' id='line_1_36' title="bbox 212 4041 520 4134; baseline 0.036 -23"><span class='ocrx_word' id='word_1_237' title='bbox 212 4041 328 4134; x_wconf 64' lang='lat' dir='ltr'><strong><em>ferret</em></strong></span> <span class='ocrx_word' id='word_1_238' title='bbox 348 4045 520 4123; x_wconf 73' lang='lat' dir='ltr'><strong><em>casales.</em></strong></span> 
     </span>
    </p>
   </div>
   <div class='ocr_carea' id='block_1_16' title="bbox 1187 4169 1263 4241">
    <p class='ocr_par' dir='ltr' id='par_1_20' title="bbox 1187 4169 1263 4241">
     <span class='ocr_line' id='line_1_37' title="bbox 1187 4169 1263 4241; baseline -0.026 0"><span class='ocrx_word' id='word_1_239' title='bbox 1187 4169 1263 4241; x_wconf 81' lang='lat' dir='ltr'><strong><em>Ta-</em></strong></span> 
     </span>
    </p>
   </div>
   <div class='ocr_carea' id='block_1_17' title="bbox 0 0 1295 4942">
    <p class='ocr_par' dir='ltr' id='par_1_21' title="bbox 0 0 1295 4942">
     <span class='ocr_line' id='line_1_38' title="bbox 0 0 1295 4942; baseline 0 0"><span class='ocrx_word' id='word_1_240' title='bbox 0 0 1295 4942; x_wconf 95' lang='lat' dir='ltr'><strong><em> </em></strong></span> 
     </span>
    </p>
   </div>
  </div>
 </body>
</html>
