2580 4942
396 114 768 190 TIBERIUS.
1008 118 1116 186 'alt

56 303 210 382 Gramm.
235 300 287 372 23.
313 320 527 390 quemqnam
555 325 597 367 ex
627 303 746 368 sobole
770 299 1005 390 quadrageno
1027 323 1098 395 cao-n

55 434 132 479 nuo
159 419 317 498 caperet.
339 407 493 475 Perizon.
520 403 563 470 ad
584 406 700 483 Sanct.
719 409 806 484 Min.
824 411 882 479 IV.
900 409 940 500 ’4.
965 433 1000 499 p.
1020 411 1094 478 553.

54 516 95 591 in
115 540 237 582 annuo
255 510 416 599 intelligit
436 539 549 599 aero,
571 514 625 583 vel
649 519 832 592 sestertio.

100 627 179 691 Per
198 625 375 715 speciem,
398 623 421 685 i.
446 645 476 688 e.
500 623 563 687 sub
590 639 779 712 praetextu.

102 731 232 798 Partes
251 755 398 816 oeqztos.
424 731 565 795 Terent.
591 730 680 795 Eun.
697 731 724 794 Ι.
744 752 773 795 2.
800 752 848 796 12.

110 839 245 922 Quasi,
267 838 290 900 i.
319 858 348 898 e.
371 832 670 922 quemadmodum.
707 839 779 904 Cic.
812 835 856 903 de
887 837 1024 904 Senect.
1048 862 1098 927 ¹9·

52 956 96 1016 'et
120 948 227 1036 quasi
246 966 353 1033 poma
369 966 411 1007 ex
436 944 623 1009 arboribus
641 946 680 1010 vi
704 948 921 1012 avelluntur.
944 943 1036 1011 Flor.
1056 947 1101 1010 II.

59 1059 114 1128 15·
140 1056 191 1122 15.
224 1051 331 1142 quasi
352 1052 504 1116 maxime
527 1049 710 1137 mortiferi
733 1075 808 1117 esse
831 1075 971 1122 morsus
990 1055 1118 1118 solent·

56 1161 291 1228 morientium
305 1160 524 1239 bestiarum,
547 1160 601 1223 sic
617 1173 682 1224 etc.
705 1159 766 1224 ubi
787 1183 818 1226 v.
838 1158 974 1242 Duker.
1010 1161 1103 1226 Haec

59 1267 151 1332 ratio
173 1261 270 1331 valde
290 1265 411 1328 usitata
430 1281 480 1328 est
502 1262 602 1327 huius
620 1264 736 1329 aetatis
754 1258 993 1357 scriptoribus.

114 1371 173 1458 51.
198 1372 402 1454 Decurios,
416 1395 540 1460 nempe
554 1369 718 1449 iudicum.
734 1395 765 1438 v.
782 1388 896 1447 notata
909 1371 952 1438 ad
964 1397 1039 1464 cap.
1049 1377 1101 1444 41.

109 1471 222 1553 Albo,
253 1471 275 1535 i.
300 1494 330 1536 e.
358 1471 493 1540 tabulae
516 1469 594 1537 albo
628 1469 740 1537 colore
762 1471 947 1556 inductae,
977 1476 1014 1540 in
1038 1501 1105 1567 qua

61 1576 204 1643 nomina
225 1572 436 1659 singulorum
456 1574 610 1642 iudicum
633 1578 886 1648 scribebantur.
923 1607 955 1648 v.
980 1582 1102 1651 Claud.
1211 1643 1214 1646 a

29 1698 32 1703 ’
65 1684 118 1752 16.
142 1680 267 1746 Domit.
292 1683 324 1748 8.
354 1683 449 1775 Lips.
474 1680 517 1747 ad
543 1681 655 1750 Tacit.
687 1684 856 1757 AnnIV·
878 1687 931 1754 42.
963 1687 1102 1758 Salmas.

66 1790 113 1858 de
134 1790 229 1858 Mod.
254 1791 355 1857 Usur.
378 1815 414 1884 p.
439 1791 513 1877 678.
623 1877 625 1881 y
1095 1856 1101 1867 .

27 1956 31 1964 .
112 1902 352 1968 Intolerontie
378 1920 535 1977 morum,
557 1893 582 1960 i.
609 1921 638 1964 e.
663 1899 721 1986 qui
749 1898 832 1966 ferri
857 1922 927 1968 non
954 1920 1104 1990 possent.

13 2058 21 2069 .
66 2008 126 2074 Sic
156 2009 350 2075 intolerans
374 1991 505 2098 passive
537 2001 666 2079 dicitur
694 2029 749 2101 ap.
776 2008 889 2076 Tacit.
917 1999 1011 2083 Anu.
1043 2014 1107 2091 ΙΙΙ.Ι

64 2117 118 2184 45.
141 2116 201 2182 ubi
232 2141 262 2183 v.
288 2118 439 2185 Gronov.

112 2221 159 2286 In
185 2224 357 2305 attilium,
380 2222 404 2288 i.
433 2243 462 2287 e.
488 2234 527 2285 ut
550 2220 713 2286 continuo
740 2214 870 2309 pedum
893 2220 971 2286 nisu
995 2238 1105 2291 rotam
1198 2203 1201 2212 .

68 2332 357 2413 circumagerent,
382 2351 449 2418 qua
475 2348 539 2415 per
563 2325 772 2392 tollenonem
802 2348 890 2413 aqua
917 2323 1103 2391 haurieba-

10 2488 27 2511 ,
67 2454 136 2505 tur.
182 2439 255 2504 Hoc
281 2433 444 2526 supplicii
463 2456 567 2518 genus
587 2446 826 2501 commemorat
846 2423 1056 2499 Artemidor.
1076 2435 1104 2500 l.

50 2549 120 2615 so.
144 2569 173 2611 v.
198 2545 341 2613 Casaub.
366 2540 409 2607 ad
431 2540 467 2607 h.
489 2540 514 2608 1.

117 2650 177 2724 52.
221 2652 353 2718 Animi
357 2651 550 2738 fluxioris,
574 2653 597 2716 i.
616 2674 646 2716 e.
667 2649 823 2734 mobilis,
846 2667 917 2717 non
938 2667 1102 2717 constan-

66 2751 121 2818 tis.
145 2750 283 2826 Sallust.
303 2747 406 2820 Catil.
432 2749 482 2816 14.
512 2752 625 2817 animi
646 2753 765 2818 molles
795 2764 831 2816 et
859 2763 981 2816 aetate
995 2752 1105 2839 fletui.

10 2920 20 2947 ,
67 2862 202 2929 Ftoere
223 2879 259 2928 et
281 2861 390 2950 fluxa
418 2881 494 2923 esse
517 2857 662 2950 proprio
688 2853 880 2936 dicuntur,
918 2880 1006 2955 quae
1035 2880 1107 2922 non
1142 2852 1145 2857 ¹

10 2954 44 3063 1,.
63 2968 197 3046 habent
222 2969 438 3048 firmitatem,
462 2961 566 3030 facile
591 2958 805 3032 dilabuntur.
827 2987 858 3031 v.
886 2964 1038 3035 Gronov.
1062 2963 1105 3032 ad
1164 2962 1167 3039 s

10 3078 21 3157 1,
66 3075 307 3155 LinXXVIl.
333 3097 383 3161 17.

96 3171 152 3253 'V
148 3187 221 3251 itae
254 3181 499 3261 remissioris,
536 3175 560 3241 i.
589 3199 620 3241 e.
655 3172 881 3261 negligentis,
913 3177 1105 3247 dissolutae.

10 3332 13 3341 ·
64 3291 244 3360 Animum
270 3291 440 3356 omissum
462 3280 550 3347 dicit
577 3280 719 3347 Terent.
742 3282 862 3349 Heaut.
884 3285 927 3352 V.
949 3307 980 3350 2.
997 3310 1028 3376 9.

10 3360 28 3391 '
112 3395 305 3467 Iustitiam
335 3409 420 3474 est„
440 3412 517 3453 cum
539 3389 590 3454 ius
620 3403 715 3473 stat,
754 3413 832 3456 curn
853 3384 1046 3459 iuris'tlictio
1074 3411 1109 3462 et

18 3490 21 3496 ⁵
63 3499 195 3570 iudicia
215 3501 356 3590 publica
376 3513 448 3564 non
477 3513 699 3583 exercentur,
719 3515 758 3564 ut
779 3501 815 3565 in
843 3492 985 3584 publico
1012 3494 1108 3579 luctu

66 3611 146 3677 fieri
164 3608 305 3675 solebat.
328 3632 359 3678 v.
384 3603 474 3676 Gell.
498 3604 577 3671 XX.
602 3628 632 3671 ι.
655 3621 690 3669 ct
708 3602 782 3673 Cal.
806 3608 828 3674 5
848 3619 884 3680 ct
901 3601 952 3670 21.
1105 3691 1107 3696 λ
1131 3609 1134 3613 ’

10 3760 21 3771 -
111 3719 241 3786 Vitem
262 3738 384 3781 eorum
405 3716 543 3809 dolere,
575 3716 597 3780 i.
625 3737 656 3780 e.
688 3709 804 3778 dolere
831 3710 891 3796 id,
922 3711 1015 3804 quod
1043 3711 1111 3780 illis

64 3823 222 3911 contigit.
271 3818 472 3911 Supplenda
494 3837 544 3892 est
569 3816 779 3916 praepositio
806 3819 846 3884 cb
872 3817 922 3886 rel
942 3834 1110 3913 propter.

601 3933 632 4024 Q
1079 3956 1111 3998 t.
