2580 4942
223 300 287 375 568
502 298 1008 379 DOMITIANUS.

265 483 431 559 Pendere
454 480 644 573 dicuntur,
675 508 824 575 quorum
842 483 920 555 lites
940 500 1027 555 sant
1049 482 1258 583 pendentes.

226 597 289 687 qui
315 593 462 662 accusati
483 593 623 684 quidem
644 608 747 677 sunt,
776 589 838 659 sed
867 591 1027 661 nondum
1046 597 1192 685 peracti
1209 598 1257 665 rei.

223 703 315 771 Plin.
332 702 393 771 lv.
416 698 482 792 Ep.
503 726 533 789 9.
554 702 606 767 ad
627 702 802 766 Senatum
820 701 1018 783 remissus,
1041 702 1116 769 diu
1126 690 1266 791 peperi-⁹

223 814 293 881 dit.
326 834 360 877 v.
380 809 534 876 Gronov.
554 805 597 872 ad
620 805 730 871 Plaut.
752 808 891 896 Captiv.¹
908 808 968 879 IV·
987 812 1022 878 5.
1040 810 1077 877 8.

273 921 348 1005 Qui
363 938 531 983 caussam
549 936 617 978 non
635 925 793 998 teneret,
824 916 848 981 i.
869 938 899 984 e.
928 916 990 1007 qui
1013 940 1094 985 non
1118 918 1259 987 vinceret

222 1029 262 1099 in
283 1024 424 1094 iudicio.
468 1022 587 1089 Horat.
606 1022 634 1085 1.
657 1019 725 1109 Ep.
745 1025 796 1091 16.
815 1024 870 1093 45.
900 1048 968 1113 quo
993 1047 1163 1091 caussae
1183 1034 1259 1091 teste

222 1149 404 1209 tenentur.
457 1132 533 1198 Liv.
560 1124 692 1193 XXIX.
719 1130 750 1196 5.
794 1152 925 1217 magno
955 1134 1172 1201 certamine
1195 1154 1260 1202 eun

218 1255 395 1332 praetore
422 1236 567 1319 habito,
599 1246 795 1302 tenuerant
814 1240 1002 1309 eausam
1031 1240 1100 1309 ubi
1123 1266 1160 1315 v.
1182 1232 1258 1313 Dru·

221 1347 329 1418 keah.
1070 1422 1075 1431 .

270 1452 482 1535 Subaecivu,
505 1447 706 1535 scituros,
727 1461 810 1513 sunt
830 1466 945 1541 partes
966 1454 1069 1543 agri,
1097 1482 1193 1553 quas
1210 1485 1256 1529 su·

220 1580 369 1658 persunt
400 1585 443 1629 ex
476 1556 658 1627 divisione.
707 1574 741 1626 v.
773 1557 938 1628 Goesium
969 1556 1125 1659 Autiq.¹
1148 1572 1256 1661 Agru.

224 1695 263 1741 ea
292 1719 302 1739 .
330 1692 382 1740 12.

264 1698 345 1848 Id'er
366 1786 576 1858 veteranos,
599 1774 672 1841 ie.
694 1769 995 1847 inter'v'eteranos.
1031 1782 1140 1855 Caes.
1161 1809 1212 1877 19.

270 1883 459 1971 carptim,
480 1883 505 1948 i.
523 1904 555 1946 e.
574 1880 676 1945 variis
694 1876 778 1946 locis
801 1902 836 1950 et
851 1887 1021 1973 partibus.
1046 1884 1131 1965 L'iv.
1148 1878 1258 1969 xilv.

222 1992 279 2065 41⁹.
310 1990 344 2055 si
364 1987 532 2076 {carptim
563 1985 810 2073 aggrediendo
837 1984 1096 2087 eireuntager'e
1129 2002 1259 2074 hastan

222 2126 264 2170 eo
292 2122 347 2166 us.

263 2123 674 2281 ὁ1161101165οαὶιινηνιίαε,
696 2199 764 2297 iere.
780 2191 991 2297 delationes,
1013 2196 1155 2307 quibus
1175 2216 1259 2287 fiscus

223 2326 416 2401 augeretur.
446 2330 479 2374 v.
494 2307 648 2375 Gronov.
668 2303 713 2375 de
733 2312 771 2380 Ρ.
786 2314 832 2385 V.
853 2318 914 2389 IV·
936 2322 967 2389 5.
988 2344 1027 2415 p.
1047 2328 1152 2413 976.Ι

277 2420 337 2497 10,
383 2419 542 2497 Terrore,
572 2415 597 2481 i.
620 2437 651 2483 e.
681 2416 939 2507 'continuatione
965 2450 1041 2507 non
1061 2418 1259 2527 interrupte.

224 2516 319 2589 Plin.
349 2517 474 2602 Paneg.
504 2514 557 2581 84.
589 2516 687 2583 idem
716 2524 865 2612 utrique
883 2530 1153 2620 propositum,
1182 2538 1260 2605 idua

221 2641 329 2698 tenor
348 2627 462 2693 uitae.
492 2646 525 2690 v.
546 2620 735 2694 Drakenb:
748 2625 792 2693 ad
818 2628 893 2697 Liv.
913 2632 973 2703 [v.
992 2636 1052 2723 57.

273 2734 386 2802 Cruci
400 2731 531 2819 affixis.
574 2731 679 2800 MSS.
696 2730 829 2800 hahent
841 2738 1053 2827 crucifixis
1069 2736 1113 2811 ut
1132 2770 1209 2841 esp.
1222 2774 1260 2819 11.

224 2842 346 2915 Recte.
390 2837 461 2907 Sed
489 2839 699 2931 separandae
729 2862 851 2925 voces,
882 2865 954 2910 non
983 2850 1261 2941 coniungendae,

222 2964 264 3017 ut
278 2948 319 3014 fit
332 2972 351 3013 a
363 2945 592 3035 scriptoribus
606 2944 825 3015 Christianis.
849 2972 881 3017 v.
893 2948 1137 3049 Oudendorp.
1152 2961 1197 3029 ed
1206 2962 1261 3031 h.l.

272 3055 420 3139 Titulo,
451 3052 474 3119 ἰ.
495 3074 525 3120 e.
548 3052 673 3121 tabella
684 3080 699 3138 ‚·
728 3048 817 3141 duae
843 3074 995 3126 caussam
1009 3064 1156 3152 poenae
1175 3068 1260 3139 'indi-

223 3178 331 3231 caret·
361 3182 396 3229 v·
416 3158 523 3244 Calig·
542 3165 595 3231 52.
618 3178 654 3229 et
673 3157 801 3230 Duker.
824 3159 867 3227 ad
888 3162 926 3232 h.
944 3164 970 3234 l.
1022 3162 1027 3173 '
1079 3162 1087 3225 i
1126 3190 1134 3203 ·

266 3269 396 3357 Impie.
441 3269 583 3335 Crimen
603 3268 786 3361 maiestatis
814 3266 882 3337 hoo
912 3274 1086 3368 tempore’
1099 3282 1263 3375 impietus

222 3376 417 3444 dicebatur.
468 3374 559 3443 Ptin.
590 3375 716 3463 Paneg.
743 3376 801 3448 55.
836 3382 975 3454 nemini
1001 3378 1207 3477 impietas,
1234 3404 1265 3459 ut

207 3487 380 3568 solebat,
411 3483 564 3550 obiecta.
594 3504 628 3549 v.
649 3486 815 3573 Torreat.
836 3483 881 3553 ad
899 3486 936 3556 11.
952 3486 978 3557 l.
999 3506 1037 3558 et
1054 3492 1215 3571 Reimar.
1231 3494 1265 3567 sd

224 3591 328 3658 Dion.
348 3590 442 3657 Cass.
465 3589 625 3659 LXVIII.
649 3614 686 3681 p.
705 3594 800 3661 11'18.
1027 3598 1030 3603 '

266 3701 524 3767 Sanctissimos
546 3700 667 3780 viros,
689 3697 713 3762 i.
729 3720 759 3764 e.
782 3700 935 3788 integros
958 3704 1076 3793 vitae,
1107 3710 1267 3781 seelerlss

219 3830 288 3897 que
308 3830 432 3894 puros,
455 3822 494 3872 ut
507 3806 667 3889 Horatius
687 3801 855 3895 loquitur.
889 3808 963 3875 Cic.
980 3808 1026 3880 de
1050 3818 1155 3888 Orat.
1175 3820 1204 3890 Ι.
1217 3824 1263 3893 55.

222 3936 305 3979 cum
326 3913 386 3978 illo
407 3938 508 3981 nemo
527 3939 640 4002 neque
670 3916 852 3999 integrior
884 3931 1001 4004 esset,
1034 3946 1161 4017 mque
1186 3956 1265 4001 m.

152 4020 155 4024 ’
224 4018 330 4086 atior.
361 4038 394 4087 v.
414 4017 543 4089 Duker.
567 4019 609 4086 ad
633 4017 727 4088 Flor.
745 4020 790 4087 11.
811 4026 843 4092 6.
865 4046 904 4115 p·
921 4026 997 4095 516.

122 4230 320 4584 Ὗ

1217 4139 1263 4217 11.
