2580 4942
111 274 114 279 ⁴
216 305 291 380 tos
545 296 948 389 anauntuss

269 486 483 561 Gladt‘otori
499 489 649 574 gratiae
674 509 775 571 esse,
806 487 830 552 i.
855 510 886 554 e.
917 482 1101 572 gladiatori
1135 486 1266 575 mian

224 599 421 674 waciliare.

272 705 335 781 22.
382 706 501 772 Terra
519 705 705 786 movisset,
727 701 801 770 scil.
832 724 881 769 se.
926 701 1074 796 Propria
1098 720 1156 771 est
1173 702 1263 771 locu·

224 808 285 874 tio.
317 806 393 875 Lir.
421 803 567 875 XXXV.
588 803 642 874 4ο.
674 817 775 871 terra
801 801 880 869 dies
903 798 1270 894 duodequadraginta.

225 916 352 981 movit.
1043 936 1045 945 ·

275 1020 499 1088 obsecratio.
544 1017 774 1106 Supplicatio'
790 1031 826 1094 et
845 1016 1045 1086 obsecratio
1070 1016 1216 1105 differt,
1233 1034 1264 1087 u

224 1150 333 1218 genus
348 1143 383 1196 et
399 1128 542 1221 species.
586 1127 673 1193 Nam
695 1126 916 1212 supplicatio
932 1142 1006 1192 erat
1023 1123 1080 1192 vel
1100 1126 1265 1193 obsecro·

130 1250 134 1256 '
223 1238 300 1322 tio,
330 1260 401 1328 qua
428 1237 481 1301 ira
505 1235 656 1301 Deorum
682 1232 923 1319 avertebatur,
954 1254 1152 1323 eorumque
1180 1231 1263 1301 iaso

226 1343 497 1427 conciliabatur,
526 1337 581 1409 rel
600 1338 827 1426 gratulatio,
850 1365 918 1430 qua
939 1339 1013 1407 Diis
1034 1361 1108 1428 pro
1132 1338 1261 1407 benai

125 1476 127 1481 ·
225 1452 289 1523 ciis
306 1451 432 1539 gratiae
450 1449 647 1537 agebantur.
674 1467 707 1512 v.
730 1447 805 1518 Liv.
823 1448 955 1519 XXXI.
984 1471 1017 1538 9,
1039 1462 1078 1513 ct
1102 1444 1158 1515 ibi
1179 1450 1261 1521 Duff

104 1598 107 1603 Δ
222 1556 330 1628 kent.

164 1734 167 1739 ,
220 1746 224 1753 ¹
266 1666 460 1750 Praeiret,
479 1666 504 1732 i.
525 1687 556 1732 c.
578 1664 711 1753 primns
732 1662 894 1731 recitaret
915 1665 1170 1733 obsecrationis
1193 1665 1259 1733 fora

107 1796 113 1803 ·
224 1770 374 1854 mulam,
390 1788 430 1837 ut
447 1771 598 1862 populus
612 1795 687 1839 eam
705 1770 827 1839 iisdem
850 1773 962 1839 verbis
979 1789 1176 1866 repeteret.
1197 1774 1258 1845 tir.

57 1922 59 1933 =
127 1958 134 1965 ,
223 1879 317 1950 VIII.
336 1877 370 1971 9.
413 1879 605 1967 Pontifex,
623 1882 735 1969 praei
760 1879 893 1964 uerba,
925 1879 1054 1970 quibua
1089 1903 1150 1949 me
1174 1881 1260 1951 davo·

219 2012 332 2057 ream.
355 1988 417 2054 ubi
436 2013 468 2056 v.
489 1985 667 2060 Drakenb.

274 2093 416 2181 Operae
439 2090 631 2177 dicuntur,
654 2094 715 2182 qui
741 2109 827 2184 opus
842 2095 1000 2161 manibus
1017 2093 1180 2193 iaciunt,
1201 2096 1260 2193 ψ’·

220 2198 343 2267 ficium
372 2197 548 2290 quoddam
569 2215 727 2266 tractant.
757 2200 863 2294 Vesp.
882 2227 912 2271 1.
944 2206 1261 2295 mancipemus

226 2328 378 2390 rarum,
401 2330 493 2394 quae
514 2306 565 2372 ad
582 2308 766 2374 culturam
788 2333 964 2400 agrorum
984 2336 1191 2383 commeare
1209 2336 1258 2391 ωε

223 2412 350 2477 lerant.
373 2433 405 2478 v.
421 2411 573 2483 Gronov.
596 2416 682 2482 Obs.
701 2416 763 2482 III.
784 2440 815 2486 2.

274 2517 336 2594 23.
397 2520 490 2587 Urbe
515 2536 554 2590 et
581 2523 696 2605 Italia
728 2480 1049 2596 submoacreutur.¹
1086 2526 1151 2597 Ad
1181 2528 1259 2595 bant

225 2620 504 2688 constitutionem
534 2623 678 2712 respicit
704 2626 845 2718 Ulpian.
876 2630 918 2695 L.
943 2654 974 2715 7.
1007 2628 1044 2717 §i
1064 2631 1122 2698 15.
1157 2629 1200 2696 D.
1223 2622 1258 2691 dt

222 2725 353 2795 interd.
377 2752 410 2794 v.
432 2729 582 2796 Brisson.
606 2730 732 2798 Select.
755 2732 1012 2822 Ansiq.111.6.

267 2836 442 2924 Beneficii
464 2839 525 2902 sui
535 2835 654 2924 fecit,
676 2836 700 2903 i.
720 2860 750 2904 e.
773 2835 881 2919 fecit,
904 2853 944 2901 ut
967 2858 1180 2911 commeatus
1197 2860 1260 2911 ast

221 2958 428 3041 peteretur,
458 2959 623 3031 tanquam
650 2942 861 3009 beneficium
886 2940 1040 3036 aliquod.
1063 2971 1098 3016 v.
1124 2948 1258 3019 Casani.

121 3092 124 3097 ·
223 3048 269 3117 ad
290 3048 369 3136 b.{l.
392 3063 535 3138 atquae
560 3046 750 3115 notavimus
772 3046 817 3113 ad
846 3046 971 3119 Tiber.
991 3074 1043 3121 12.

272 3153 334 3231 24.
387 3157 653 3224 Procuratores
680 3153 878 3221 ducenarii.
900 3155 1067 3228 dicuntur
1100 3188 1122 3231 a
1149 3164 1258 3237 „1310

221 3280 358 3338 annuo,
396 3250 491 3345 qnod
519 3271 592 3321 erat
607 3255 608 3258 ’
623 3254 758 3321 ducena
785 3257 951 3324 sestertia.
1004 3258 1136 3332 Videte
1157 3267 1257 3335 Dion.

142 3404 144 3419 ν
222 3369 317 3435 Cass.
339 3366 383 3433 L.
406 3361 467 3429 III·
488 3384 526 3452 p.
544 3365 621 3432 506.
654 3376 690 3426 et
718 3383 803 3453 quos
826 3357 944 3432 laudat
966 3365 1256 3465 Oudendorp.ad

219 3476 257 3544 h.
280 3478 305 3544 l.

265 3584 474 3652 Libertinos
500 3581 629 3649 dictos.
682 3576 837 3647 Suetonii
869 3580 1110 3653 auctoritatem
1137 3585 1258 3657 elenu

222 3708 366 3759 conatur
384 3690 502 3777 Sigon.
524 3672 569 3754 de
588 3688 632 3754 A.
655 3688 682 3755 I.
702 3688 743 3755 C.
762 3689 804 3756 R.
824 3691 851 3757 Ι.
874 3694 905 3764 6.
948 3689 1020 3761 Sed
1039 3693 1172 3763 frustra
1191 3718 1259 3763 eun

171 3838 174 3842 ,
218 3813 396 3888 oppugnat
418 3796 616 3865 testimoniis
641 3797 817 3865 Ciceronis
837 3816 871 3865 et
898 3800 1008 3884 Livii,
1032 3801 1097 3892 qni
1124 3803 1258 3871 liberti·

219 3929 284 3974 uos
303 3920 428 3972 vocant
455 3906 565 3997 ipsos,
591 3903 651 3990 qui
677 3906 873 3971 manumissi
897 3924 990 3975 sunt.
1035 3910 1127 3978 Nam
1152 3932 1266 3981 eorun-

219 4029 346 4105 aetate,
370 4011 408 4078 id
432 4031 498 4096 est,
527 4009 685 4076 ducentis
710 4015 809 4080 aunis
832 4031 912 4103 post
933 4015 1090 4110 Appium
1109 4018 1258 4105 ,dudum

1165 4128 1256 4197 obso-
