2580 4942
218 307 260 369 m
585 282 880 355 GAESAffl

216 467 272 537 cio
297 467 424 534 Romae
450 465 708 557 repetebantur.
730 489 763 533 v.
787 464 904 553 Sigon.
927 463 972 532 de
992 466 1102 540 Indis.
1124 472 1174 542 11.
1191 494 1255 563 ⁹7⁴

215 573 420 642 Huiusmodi
436 597 569 640 caussas
590 572 853 663 provincialium
870 574 1009 642 nornine
1032 575 1183 650 illustres
1206 606 1257 647 a·

216 679 429 748 dolescentes
446 683 618 774 suscipere
639 682 816 763 solebant,
839 697 877 749 ut
897 680 1026 766 legibus
1045 681 1253 753 defenden-

218 785 270 855 dis
283 812 407 862 nomen
426 811 522 853 suum
539 787 669 876 populo
687 791 784 856 Rom.
803 785 1094 857 commendarent.
1115 811 1148 858 v.
1168 787 1254 856 Au-
1278 793 1282 799 ’

217 909 302 958 ctor.
324 891 412 958 Dial.
435 890 479 958 de
502 894 600 960 Orat.
625 896 676 962 54.
701 912 734 960 ct
754 893 980 984 Quinctilian.
1004 893 1081 964 XII·
1105 897 1135 964 6.

259 1002 452 1068 Postulare
469 999 586 1090 paullo
602 1003 676 1094 plus
696 1020 765 1086 est,
784 1023 886 1090 quem
898 1025 1092 1087 accusare,
1109 1018 1144 1071 et
1164 1017 1253 1068 tan-a

150 1125 152 1128 ·
219 1121 291 1175 tum
311 1102 354 1169 de
379 1105 579 1176 criminibus
607 1103 745 1173 dicitur.

258 1214 441 1301 Magistro
474 1237 618 1302 operam
652 1217 739 1283 dare
773 1214 965 1291 dicuntur.
1001 1213 1061 1304 qui
1088 1209 1253 1286 discunt·

105 1332 109 1339 '
218 1323 292 1390 Cic.
316 1324 411 1387 Brut.
436 1324 489 1412 89.
522 1347 610 1412 ego,
636 1326 739 1414 juris
772 1327 891 1391 civilis
921 1320 1063 1402 stadio,
1092 1324 1254 1389 multum

135 1456 138 1462 ·
219 1455 349 1521 operae
372 1426 503 1496 dabam
530 1433 573 1513 Q.
598 1434 802 1504 Scaevolae.

271 1539 356 1604 Non
394 1538 470 1601 sine
500 1559 638 1600 summa
673 1538 934 1623 indignatione.
992 1535 1143 1600 Omnino
1177 1533 1251 1621 leg.

217 1655 286 1718 non
312 1643 388 1708 sine
409 1665 547 1706 sumata
569 1642 796 1729 dignatione,
821 1640 988 1730 quioquid
1023 1657 1143 1708 contre
1168 1640 1250 1706 dis-a

217 1767 343 1842 putent
365 1751 500 1814 Ernest.
531 1763 565 1812 et
596 1745 688 1821 oud.
719 1746 785 1812 Res
810 1746 899 1813 clara
920 1765 971 1814 est
993 1774 1034 1825 ex
1058 1748 1148 1818 Vell.
1171 1751 1251 1821 Pet.

203 1858 263 1955 ΙΙΙ.
286 1858 339 1923 41.
363 1871 543 1936 narrante,
568 1857 744 1925 Caesarem
761 1855 880 1954 piratis
896 1856 998 1930 fuisse
1016 1880 1163 1930 summae
1182 1881 1249 1925 ves

215 1980 396 2030 iterationi.

220 2082 230 2123 '-
259 2073 372 2138 Initio
395 2071 531 2136 statim.
577 2069 634 2135 Sic
657 2070 763 2156 Vesp.
783 2088 834 2139 12.
880 2068 1017 2136 Statim
1048 2069 1093 2135 ab
1124 2071 1246 2136 initio.

218 2182 276 2252 Ab
293 2178 365 2243 aliis
388 2200 526 2267 quoquc
550 2175 619 2245 duo
637 2174 797 2243 adverbia
821 2172 997 2245 interdum
1027 2174 1246 2264 copulantur.

216 2287 478 2372 FIor.II.17,a.
500 2287 609 2349 simul
621 2284 780 2370 pariter.
803 2283 863 2348 ubi
875 2308 913 2360 r.
936 2282 1064 2355 Duker.
1089 2267 1149 2350 Sil.
1167 2283 1248 2357 Ital.

214 2395 312 2465 VIII.
340 2397 413 2482 725.
466 2395 567 2460 Tune
594 2391 735 2459 demum
766 2394 920 2460 tandem.
975 2391 1084 2479 Saepe
1117 2392 1246 2459 Sueto·

215 2504 311 2585 nius,
332 2502 370 2572 in
390 2521 519 2566 summo
541 2499 641 2563 etiam
667 2500 843 2572 brevitatis
867 2496 1006 2578 studio,
1028 2498 1138 2582 iungit
1159 2521 1244 2564 ver-2

216 2607 283 2688 ba,
305 2624 397 2704 'quae
429 2603 500 2670 fere
522 2602 615 2669 idem
644 2606 852 2689 significent.
879 2604 966 2689 Aug.
991 2608 1043 2675 66.
1066 2607 1185 2692 exegit
1208 2619 1247 2673 et

215 2720 294 2805 ilice
333 2716 486 2780 invicem
521 2712 566 2777 ab
590 2714 732 2777 amicis
760 2712 1033 2777 benivolentiam
1067 2724 1246 2780 mutuam.

217 2822 301 2888 Tib.
329 2823 381 2888 60.
410 2842 499 2885 vera
519 2821 630 2904 plicae
653 2831 834 2905 certaque.
868 2817 949 2882 Ner.
980 2820 1033 2887 52.
1069 2817 1182 2882 multa
1209 2832 1248 2885 et

216 2925 333 2992 deleta
355 2938 393 2990 et
422 2923 582 2989 inducta.
607 2921 708 2992 Galb.
731 2939 780 2991 to.
815 2938 959 3014 repente
981 2948 1024 2990 ex
1047 2925 1247 3010 inopinato.

213 3056 248 3110 v.
272 3028 437 3100 Oudend.
456 3028 499 3096 ad
521 3030 557 3101 h.
580 3029 605 3101 l.

258 3137 715 3225 Expediendaspecanias,
728 3140 751 3204 i.
767 3163 800 3208 e.
819 3133 987 3204 eruendas
1008 3132 1101 3201 velut
1123 3154 1165 3199 cx
1183 3128 1244 3196 lo-

218 3245 303 3314 culis
334 3260 368 3311 et
400 3243 508 3324 arcis,
540 3242 665 3332 quibus
680 3280 683 3285 >
697 3246 899 3310 constrictae
928 3257 1101 3307 tenentur.
1153 3237 1243 3306 Nam

217 3353 386 3440 expedire
402 3349 552 3440 'proprie
573 3365 624 3414 est
646 3346 770 3440 pedem
794 3349 938 3419 vinculis
956 3348 1124 3414 eximeres
1146 3340 1246 3407 uude

217 3459 422 3527 transfertur
444 3457 487 3523 ad
514 3481 753 3554 quencumque
776 3484 868 3541 rem,
892 3453 1049 3548 inprimis
1069 3448 1242 3540 pecunia-t

215 3565 327 3647 riam,
351 3588 436 3654 quae
467 3561 721 3632 difficultatibus
740 3565 920 3631 liberatur.
943 3564 1015 3630 Cic.
1039 3558 1081 3625 ed
1116 3559 1192 3625 niv.
1212 3561 1243 3628 I.

218 3674 249 3742 3.
273 3672 310 3735 in
324 3671 518 3755 provincia
540 3683 604 3737 tna
624 3675 737 3739 multa
759 3674 918 3740 habetet
938 3667 1104 3754 expedito
1126 3687 1243 3752 nego-

218 3778 284 3845 tia.
307 3772 350 3838 ati
373 3774 456 3840 Aur
473 3775 567 3846 XVI.
592 3782 623 3847 6.
654 3783 796 3846 nomina
818 3802 896 3844 mea
919 3776 1065 3864 expedi,
1088 3773 1239 3838 exsolve.

215 3882 331 3954 Valer.¹
357 3885 449 3950 Max.
465 3884 525 3953 IV.
547 3885 579 3952 4.
602 3907 651 3951 ιο.
677 3886 762 3972 quia
782 3880 890 3970 filiae
917 3885 993 3947 sine
1025 3906 1063 3946 se
1085 3880 1148 3946 dos
1173 3904 1242 3946 ex·-

205 3994 339 4084 ‚pedat
363 4016 431 4064 non
445 4002 582 4083 posset.
604 4006 640 4061 r.
659 3992 743 4060 Intt.
765 3985 809 4060 ad
830 3985 977 4073 Pbaodn
995 3990 1024 4065 Ι.
1047 3991 1097 4060 16.
1116 4010 1148 4057 2.
1178 3986 1247 4050 Si-

239 4132 243 4137 ·
650 4114 654 4123 ’
1171 4115 1244 4170 ml’.
