2580 4942
464 279 762 378 cresse
857 252 859 258 ’
1081 286 1167 410 εει

111 475 160 563 ll.
180 467 318 561 Consul.
342 466 470 557 Honor.
490 477 563 546 θαι.
586 495 619 544 v.
643 468 833 561 spanhem.
852 467 897 541 ad
917 460 1052 551 Gallim,
1077 471 1127 552 Ht
1172 466 1175 471 ’

110 585 215 665 thov.
240 585 296 661 ss.

142 688 295 771 Missus,
312 700 362 753 est
382 706 488 772 genus
508 685 674 777 po‘c‘matie
691 677 761 754 sive
777 682 930 772 fabulae,
954 705 1024 777 quc
1045 701 1126 754 tur-

111 797 155 888 pia
174 783 351 860 h‘sminum
374 791 464 857 iacta
486 812 563 854 eum
583 785 721 859 lascivia
746 792 998 882 exprimuntur.
1021 792 1127 865 Ouid·

115 901 203 979 Trist.
224 902 270 968 11.
287 903 361 971 515.
406 896 572 965 Scribere
598 896 633 961 si
648 894 716 984 free
743 910 799 964 est
823 899 1009 966 imitantes
1040 913 1129 973 tur·¹

112 1009 163 1094 pio
181 1008 325 1092 mimos.¹
345 997 414 1069 'Er
437 999 503 1067 hoc
528 998 605 1088 ipso
626 1000 766 1067 Laberii
793 1003 897 1070 mimo
921 1004 1126 1093 pulcherri-

116 1134 187 1199 uan
210 1111 440 1198 fragmentum
459 1107 669 1180 conservarit
691 1103 848 1175 Macroh.
871 1107 1009 1185 Saturn.
1027 1115 1072 1183 II.
1094 1140 1125 1203 7.

144 1217 280 1287 Annulo
301 1243 425 1303 aureo.
470 1217 564 1300 Gur,
588 1217 649 1308 qui
667 1217 735 1283 iam
754 1237 857 1308 eques
880 1233 976 1303 erat,
998 1217 1128 1288 annulo

116 1340 196 1405 turco
207 1321 428 1405 donabatur?
451 1324 584 1412 Nempe
598 1322 786 1406 Laberius,
801 1346 879 1389 cum
898 1325 968 1410 egit
986 1327 1128 1399 mimum

118 1426 146 1494 in
158 1452 273 1515 scena,
296 1447 490 1521 equestrem
509 1423 668 1494 ordinem
683 1429 809 1498 amisitz
833 1428 978 1499 donatus
996 1459 1017 1502 a
1037 1435 1130 1510 Cres

118 1555 174 1614 stre
192 1535 319 1604 annulo
341 1558 464 1615 aureo,
486 1533 631 1622 recepit.
653 1559 683 1603 v.
708 1537 851 1607 Casauh.
874 1536 918 1604 ad
941 1538 977 1607 h.
998 1537 1024 1607 l.

150 1640 187 1709 In
208 1641 489 1732 quatuordecim.
539 1639 582 1706 In
611 1638 873 1730 amphitheatris
900 1643 1044 1711 Senatus
1069 1669 1129 1713 se·

120 1738 165 1828 det
187 1747 382 1832 orchestra,
412 1747 576 1838 Equitum
608 1746 799 1835 equestria,
832 1748 946 1839 plebis
975 1748 1128 1841 popula·-

121 1849 158 1916 ris
183 1849 399 1922 dicebantur.
452 1852 522 1921 Sed
559 1851 729 1942 equestria
759 1870 837 1917 cum
869 1854 1131 1943 quatuordecim

122 1955 220 2045 grsdus
243 1976 428 2048 tenerent,
449 1981 578 2033 veteres
599 1983 700 2049 saepe
722 1958 899 2026 brevitatis
930 1983 1044 2029 caussa
1067 1959 1130 2028 di-

122 2062 224 2133 cebant
243 2068 282 2133 in
304 2070 575 2157 quatuordecim
587 2068 709 2134 sedere
729 2089 795 2156 pro
812 2067 849 2132 in
867 2067 1131 2158 quatuordecim

121 2169 260 2263 pedibu
280 2174 333 2243 vel
353 2169 533 2243 ordinibus
557 2172 692 2240 sedere.
734 2169 874 2238 Asinius
891 2171 1001 2242 Pollio
1023 2175 1129 2240 Cice·

122 2279 180 2360 toni
210 2280 256 2348 X.
287 2285 339 2369 52.
369 2282 582 2349 histrionem
616 2279 654 2344 iu
687 2278 958 2362 quatuordecim
992 2303 1132 2348 sessum

121 2381 258 2455 deduxit.
309 2387 415 2456 Pleno
438 2387 524 2471 Aug.
558 2382 607 2451 14.
637 2384 853 2468 gregarium
886 2386 1064 2470 militem,
1090 2387 1131 2453 iu

120 2476 370 2581 qmtuordecim
400 2492 585 2561 ordinibus
622 2490 813 2559 sedentem.
843 2516 875 2563 v.
900 2491 1057 2584 Lipsium
1084 2489 1131 2561 de

120 2590 282 2689 lnphtth.
304 2600 353 2669 14.

148 2706 350 2792 Proiecto,
370 2708 395 2777 i.
417 2731 448 2776 e.
471 2705 618 2800 prolato.

151 2812 303 2903 Gyrum,
324 2815 347 2899 i.
370 2837 401 2881 e.
425 2815 602 2882 ambitum·

148 2919 306 3010 Euripo,
327 2921 352 2988 i.
375 2945 406 2988 e.
427 2919 515 2987 fossa
535 2941 642 3009 aquae
663 2914 793 3010 plena,
813 2933 881 3007 qus
905 2916 1029 2987 Caesar
1048 2945 1128 2995 ere·-

119 3039 181 3090 tutn
199 3022 429 3092 circumdedit
454 3021 498 3092 ad
519 3024 735 3091 securitatem
757 3024 998 3110 spectantium.
1042 3026 1129 3095 Rem

117 3129 249 3223 explicat
282 3127 373 3199 Plin.
405 3133 449 3200 H.
480 3133 524 3200 N.
547 3131 643 3202 VIII.
666 3154 697 3218 7.
728 3129 791 3194 ubi
826 3152 905 3197 cum
936 3149 1130 3218 narrasset,

121 3227 256 3325 Pompeii
285 3234 486 3329 elephantos
516 3239 733 3328 eruptionem
761 3253 926 3324 tentasse,
962 3264 1035 3307 nou
1056 3241 1132 3307 sine

119 3345 277 3411 vexatione
298 3343 444 3437 populi,
466 3343 550 3410 haee
570 3341 689 3413 addit:
719 3346 800 3429 Qua
821 3345 864 3412 de
893 3357 1004 3412 cause
1034 3347 1131 3413 Coe-

121 3465 168 3512 tar
188 3450 303 3515 simile
331 3453 576 3538 spectaculum
597 3447 786 3533 editurus,
816 3452 956 3538 euripis
982 3474 1132 3518 erenum

120 3550 364 3641 circumdedit,
388 3577 477 3645 quas
500 3559 601 3623 Nero
619 3557 796 3643 princeps
821 3557 995 3642 sustulit,
1016 3550 1134 3647 equiti

122 3655 180 3725 loca
194 3662 342 3729 addens.
364 3685 398 3729 v.
422 3660 577 3751 Lipsium
601 3657 646 3726 de
664 3662 848 3753 Amphith.
872 3687 923 3732 ιι.

155 3766 353 3837 Desultorii
378 3770 463 3857 equi
483 3783 586 3852 sunt,
622 3792 640 3834 e
663 3767 788 3856 quibus
808 3767 847 3833 in
878 3791 980 3836 cursu
1001 3773 1130 3841 transi-

123 3861 233 3940 liebant
263 3874 302 3938 in
334 3871 488 3940 alterum.
542 3876 613 3966 Qui
640 3876 689 3941 sic
725 3898 849 3966 corpus
882 3875 1016 3946 alterno
1041 3905 1134 3974 equo

126 3975 339 4063 traiiciehant,
362 3982 506 4074 proprio
528 3984 668 4054 nornine
690 3983 887 4054 desultores
913 3981 1132 4057 dicebantur·

1099 4115 1132 4166 lo
