2580 4942
150 310 192 396 φ
517 297 813 377 CAESAR

147 517 300 578 veteres,
327 508 368 559 nt
394 487 521 554 mortio¹
541 485 782 559 condemnatos
808 484 953 561 navibus
970 478 1095 564 tractis
1113 508 1157 564 ent

147 605 286 678 vetustis
306 600 545 689 imponerent,
567 598 746 686 ventisque
773 595 951 668 traderent
971 603 1010 669 in
1031 603 1157 693 longia⁴

149 738 232 809 quas
260 729 365 777 terras
398 700 602 774 avehendos.
629 728 662 773 v.
688 698 785 770 'Pha
817 698 940 792 Paneg.
965 711 1017 778 54.
1051 713 1112 778 Tit
1131 714 1158 780 8.

147 821 305 911 inprimis
333 813 523 883 Cesaubon.
544 810 587 879 ad
613 811 648 880 h.
667 812 691 880 l.
737 813 1035 884 Constructionem
1055 820 1158 909 impo-

147 925 230 998 nere
252 948 342 993 nove
365 941 431 1008 pro
450 922 539 984 navi
560 917 737 985 vindicant
756 920 967 1009 interpretes
985 923 1086 994 adh.
1103 926 1125 996 l.

156 1063 160 1069 ·
193 1032 255 1106 67.
277 1031 353 1097 Pro
366 1026 487 1109 modo,
500 1025 525 1089 i.
539 1047 570 1090 e.
584 1047 649 1115 pro
661 1025 918 1113 magnitudine,
940 1030 994 1100 vel
1014 1036 1159 1119 gravitate

148 1131 286 1214 delicti,
315 1132 354 1192 ut
376 1124 552 1214 proportio
577 1123 669 1190 inter
691 1121 855 1191 delictum
881 1143 917 1193 et
941 1136 1088 1220 poenani
1103 1135 1159 1201 ob.

147 1253 348 1306 servaretur.
380 1232 453 1300 Cic.
485 1254 550 1321 pro
581 1227 736 1296 Marcell.
760 1231 792 1298 8.
848 1231 926 1300 Hic
958 1249 1000 1304 tu
1032 1240 1159 1306 modom

150 1361 234 1415 tuae
261 1345 380 1423 vitoe,
402 1361 470 1404 non
495 1340 611 1404 aalute
637 1337 876 1424 reipublicae,
898 1342 963 1408 aed
988 1348 1159 1434 aequitate

148 1453 263 1520 enimi
296 1447 445 1537 definiet
459 1445 479 1511 ?
520 1447 664 1531 Magnus
695 1444 913 1511 Casaubonna
933 1448 970 1513 in
1002 1447 1159 1516 hocloco

148 1550 353 1648 explicando
378 1553 557 1620 aberravit.
579 1577 610 1621 v.
633 1556 748 1619 Burni.
777 1567 812 1616 et
839 1548 1002 1618 Oudend.
1024 1551 1069 1618 ad
1089 1543 1160 1620 lit

192 1660 483 1749 Exsequebatur,
498 1661 522 1727 i.
541 1684 570 1726 e.
587 1659 879 1752 persequebatur,
902 1658 1079 1746 puniebat.
1101 1659 1160 1724 Ct-

147 1774 206 1859 lig.
226 1794 274 1840 12.
296 1780 363 1834 aut
382 1769 562 1855 inquirere
583 1767 794 1854 quicquam,
812 1775 878 1830 out
892 1766 1019 1850 exequi
1033 1789 1160 1830 aurunt.

147 1881 253 1965 Vesp.
277 1876 326 1943 14.
359 1873 576 1963 offensarum
601 1871 744 1935 minime
774 1890 925 1949 memor,
955 1880 1160 1938 executorue.

148 2007 181 2051 v.
205 1980 346 2048 Casaub.
368 1975 464 2044 adh.
486 1974 509 2066 l.
533 1993 567 2042 et
590 1976 741 2043 Gronov.
762 1972 805 2039 ad
830 1974 903 2041 Liv.
925 1975 952 2041 I.
974 1979 1027 2066 59.

195 2088 413 2168 Connioere,
437 2082 536 2174 vulgo
556 2073 593 2147 in
613 2081 746 2148 Lexiois
768 2079 974 2170 explicatur,
996 2081 1160 2176 palpebris

148 2198 325 2269 oculorum
354 2191 547 2260 alternatim
566 2207 720 2272 movere,
751 2206 791 2252 ut
819 2187 949 2274 solent,
979 2195 1041 2281 'qui
1066 2195 1161 2260 lucem

149 2322 208 2371 ent
241 2299 386 2386 vigiliam
416 2295 542 2362 diutius
575 2294 665 2362 ferre
696 2315 884 2386 nequeunt.
941 2300 1069 2366 Verum
1101 2303 1161 2390 ipit

149 2406 304 2500 exempla
329 2405 476 2487 docent,
499 2408 686 2472 connivere
710 2429 781 2471 non
803 2428 877 2472 esse
894 2428 1028 2473 movere
1051 2408 1161 2498 palbe·

150 2522 246 2602 bras,
268 2513 329 2583 sed
354 2512 521 2582 claudere.
568 2512 626 2578 Sic
647 2512 725 2580 cies
740 2512 783 2580 de
800 2515 842 2581 N.
862 2516 903 2582 D.
926 2514 970 2581 ΙΙ.
990 2517 1043 2603 57.
1065 2528 1160 2606 aper·-

149 2631 199 2698 tie
234 2628 346 2693 oculie
370 2612 521 2713 opponit¹
544 2643 663 2687 eomrro
677 2606 680 2611 ¹
696 2625 932 2711 conniventes.
964 2646 995 2688 v.
1027 2623 1079 2691 cl.
1102 2624 1161 2690 Ge·

149 2757 241 2800 aner.
268 2733 304 2797 in
333 2733 462 2798 Comm.
495 2730 732 2813 Gotting'.111.
762 2754 799 2819 p.
818 2752 892 2820 279.
935 2728 1002 2795 Per
1031 2728 1162 2796 trande-

150 2843 279 2907 tionem
304 2838 486 2904 connivere
511 2834 681 2920 significat
711 2832 825 2902 oculos
855 2834 898 2902 ad
924 2834 1056 2927 aliquid
1082 2838 1162 2905 clau·

150 2968 203 3015 eos
223 2943 399 3027 simulare3
426 2964 504 3007 cum
522 2937 666 3020 videas,
677 2941 850 3036 patienter
874 2943 977 3011 ferre.

199 3055 464 3141 Unguentotoa,
487 3050 510 3116 i.
535 3073 565 3114 e.
580 3048 650 3138 qui
670 3044 809 3132 caplllos
840 3050 1025 3116 aromatico
1048 3049 1162 3142 liquore

150 3174 272 3226 unctos
302 3156 491 3226 haberent:
525 3151 633 3219 Plaut.
657 3149 936 3245 Mil;111.5.49.
961 3159 1088 3246 quidni
1112 3177 1162 3223 no·

149 3268 267 3335 verim
292 3266 557 3343 einennatum,
580 3263 761 3328 nweclzum
784 3260 1080 3350 unguentariam?

159 3397 164 3404 ·
196 3370 344 3450 Cattos,
367 3366 391 3432 i.
414 3388 444 3432 e.
467 3352 630 3459 ornatos.
668 3365 741 3433 Hoc
763 3370 1027 3460 verbum'seepe
1056 3364 1163 3432 dicitur

149 3478 195 3543 ele
214 3490 337 3544 ornatu
354 3471 520 3561 corporis.
537 3473 680 3540 Petron.
691 3469 933 3569 findernam
949 3474 1105 3557 nudavit
1120 3473 1163 3555 lo?

149 3575 309 3666 certum,
332 3581 475 3648 armilla
496 3565 609 3647 aureo
632 3583 778 3675 culturi.
800 3583 861 3647 ubi
877 3586 913 3648 fr.
937 3566 1055 3656 Heius.
1130 3578 1133 3583 ’

164 3692 169 3721 ²
196 3694 365 3779 Speciee,
385 3687 438 3754 'est
452 3680 605 3755 'ornatus
629 3692 811 3773 externus,
843 3689 903 3780 qui
924 3674 962 3755 in
985 3674 1099 3756 oculos
1120 3688 1162 3754 in

152 3796 271 3860 currit.
295 3794 368 3860 Cic.
387 3793 427 3882 in
450 3795 563 3861 Pison.
585 3819 633 3862 ιι.
649 3794 736 3881 finit
752 3818 884 3883 pompa
896 3816 912 3876 ,’
920 3795 1005 3885 fuit
1024 3798 1164 3886 ape'ciee

151 3905 311 3969 ineeeeua
330 3886 459 3968 saltem
477 3903 642 3990 Seplaeia
663 3902 807 3990 dignae.
829 3901 936 3989 Calig.
955 3925 1006 3970 22.
1029 3902 1164 3993 aperie³

142 4010 379 4098 principatur
417 4009 454 4076 io
489 4010 594 4096 regni
615 4007 778 4097 sormam
809 4014 1025 4079 convertere.
1061 4012 1164 4078 ubi*

1116 4114 1164 4181 En
